2684 4244
353 170 452 219 232
1283 146 1575 203 Regesta

429 328 577 377 1213
606 329 768 391 (Mart.
806 327 1049 393 15—22).
1079 327 1328 378 Laterani.
1357 357 1430 363 —
1456 328 1788 379 Innocentius
1816 330 1877 379 III
1907 328 2169 395 (Alberto),
2210 329 2520 396 patriarchae

347 402 838 469 HierosolymitanO,
879 401 1064 466 scribit,
1104 419 1157 451 se
1197 400 1429 466 ejusdem
1468 402 1654 452 litteras
1693 404 1944 470 accepisse
1989 404 2302 469 nuntianteS,
2345 419 2520 469 regem

348 477 637 540 Armeniae,
676 489 954 542 postquam
993 475 1269 542 episcopus
1309 475 1630 526 Sidoniensis
1669 478 1891 527 Romam
1927 477 2086 527 eundi
2114 478 2207 528 iter
2234 477 2519 545 arripuerit,

346 551 600 617 petivisse,
643 562 715 614 ut,
744 566 867 616 pace
896 566 1015 600 cum
1045 549 1281 600 fratribus
1307 551 1515 617 Templi
1544 551 1687 615 facta,
1721 552 1816 601 sibi
1844 551 2155 601 beneficium
2183 550 2522 603 absolutionis

350 625 738 691 impenderetur
765 640 969 690 suoque
998 624 1175 691 nepoti
1203 623 1391 689 justitia
1419 625 1482 674 de
1510 625 1785 675 Antiochia
1813 625 1971 691 fieret,
2012 626 2183 691 itaque
2211 626 2436 692 mandat,
2466 637 2522 676 ut

346 715 469 749 eum
495 698 737 763 absolvat,
764 698 853 747 sed
874 697 1058 748 dictam
1079 697 1318 763 justitiam
1337 712 1547 765 propter
1563 699 1732 764 gravia
1752 700 1930 749 delicta
1949 700 2011 749 ad
2031 716 2271 766 praesens
2289 701 2519 766 deneget.

348 773 550 822 Deinde
595 772 854 839 praecipit,
899 784 979 837 ut,
1021 789 1153 838 quae
1194 789 1366 822 comes
1405 773 1759 840 Tripolitanus
1799 773 2216 838 confirmaverat,
2256 774 2429 824 inania
2465 789 2522 824 ac

347 847 526 896 frivola
567 859 794 913 reputet;
837 846 921 895 hic
960 846 1099 896 enim
1130 863 1247 896 cum
1280 847 1561 913 patriarcha
1590 864 1897 911 congressus
1938 848 2077 912 dixit,
2113 864 2165 897 se
2193 847 2520 899 Antiochiam

346 922 408 970 ab
436 921 741 987 imperatore
762 920 1342 987 Constantinopolitano
1371 920 1588 971 domino
1616 938 1672 970 30
1700 921 1868 986 judice
1897 939 1995 972 suo
2022 934 2194 971 tenere
2223 934 2271 972 et
2297 923 2523 973 eundem

348 1013 375 1043 a
404 995 536 1045 Sede
564 995 861 1060 Apostolica
901 994 1224 1060 indulgentia
1263 995 1578 1062 impetrasse,
1622 1012 1687 1045 ne
1731 997 1827 1045 sub
1871 996 2208 1046 ecclesiastico
2250 995 2419 1061 judice
2461 997 2524 1046 de

347 1069 624 1119 Antiochia
651 1069 868 1133 litigaret
896 1068 1099 1131 (Baluze
1128 1069 1185 1135 II,
1214 1086 1264 1136 p.
1288 1087 1316 1123 7
1327 1071 1596 1135 38—739,
1625 1071 1727 1119 No.
1759 1085 1818 1131 73
1850 1070 2027 1134 Migne
2047 1070 2126 1135 III,
2146 1086 2195 1136 p.
2218 1087 2524 1136 792—793,

346 1144 447 1193 No.
480 1160 538 1205 73
582 1144 826 1207 Potthast,
856 1144 955 1195 No.
980 1143 1159 1209 4685).
2408 1142 2524 1193 863

484 1271 515 1295 „
597 1232 755 1298 April.
790 1233 874 1282 26.
917 1230 1210 1296 (Laterani).
1250 1259 1322 1266 —
1362 1232 1695 1282 Innocentius
1735 1232 1797 1281 III
1837 1232 2196 1298 Saphadinum
2236 1231 2418 1297 (Malik
2453 1233 2526 1283 al-

348 1305 656 1370 Muazzam),
677 1307 957 1356 soldanum
975 1305 1230 1370 Damasci,
1255 1307 1500 1370 obsecrat,
1532 1323 1596 1355 ne
1620 1319 1861 1373 «propter
1877 1306 2156 1357 violentam
2174 1306 2526 1357 detentionem

346 1381 672 1431 Hierusalem
702 1394 749 1430 et
766 1380 952 1430 finium
980 1380 1139 1446 ipsius
1164 1379 1282 1446 plus
1300 1381 1470 1430 adhuc
1489 1380 1785 1430 effundatur
1802 1381 2083 1446 sanguiniS,
2105 1397 2262 1447 quam
2280 1381 2528 1431 hactenus

348 1468 422 1505 est
450 1455 728 1519 effusum»,
760 1467 815 1504 ut
831 1455 1049 1504 Terram
1078 1454 1315 1504 Sanctam
1346 1454 1466 1504 Sedi
1494 1455 1821 1521 Apostolicae
1849 1455 2028 1505 reddat
2059 1455 2305 1522 «ipsaque
2332 1455 2529 1507 reddita
2610 1499 2614 1501 .

349 1543 397 1580 et
411 1529 634 1579 dimissis
649 1529 918 1594 utriusque
939 1528 1147 1594 captivis
1163 1528 1491 1594 quiescamus
1509 1546 1536 1578 a
1551 1529 1745 1579 mutuis
1759 1528 2216 1596 impugnationum
2234 1529 2475 1580 offensis»
2493 1529 2527 1593 ¹)

350 1603 644 1670 (Raynaldi,
674 1604 864 1653 Annal.
904 1619 1057 1668 1213,
1089 1610 1111 1659 5
1146 1619 1202 1668 3;
1232 1603 1437 1668 Baluze,
1466 1604 1560 1670 Ep.
1582 1604 1759 1654 Innoc.
1780 1604 1837 1668 II,
1866 1620 1914 1670 p.
1937 1605 2060 1669 761,
2082 1605 2182 1654 Νο.
2208 1618 2300 1670 37;
2332 1603 2551 1670 Migne,

347 1679 441 1744 Ep.
484 1678 661 1727 1111100.
700 1678 779 1741 ΙΙΙ,
821 1694 870 1743 p.
905 1678 1234 1743 831—832,
1276 1678 1376 1727 No.
1423 1693 1516 1742 37;
1572 1678 1869 1744 Ryccardus
1913 1678 1976 1728 de
2020 1678 2123 1728 San
2166 1678 2432 1729 Germano
2475 1678 2528 1728 in

349 1752 601 1802 Muratori
631 1752 719 1802 SS.
749 1751 854 1816 VII,
884 1768 933 1817 p.
966 1753 1067 1816 985
1113 1763 1162 1800 et
1202 1752 1348 1801 Mon.
1380 1752 1556 1802 Germ.
1593 1752 1682 1802 SS.
1711 1753 1845 1816 XIX,
1876 1769 1925 1819 p.
1960 1770 1985 1819 3
1997 1768 2090 1818 35;
2136 1752 2363 1818 Ughelli‚
2392 1752 2529 1802 Italia

351 1843 489 1876 sacra
518 1826 594 1890 III,
624 1843 672 1892 p.
705 1844 802 1890 971
827 1842 839 1888 ;
882 1826 1129 1889 Theiner,
1159 1825 1328 1876 Veter.
1359 1843 1504 1877 mon.
1536 1827 1570 1890 I,
1613 1843 1662 1893 p.
1695 1828 1781 1892 65,
1812 1828 1911 1876 No.
1945 1843 2040 1888 71;
2082 1825 2530 1877 Ficker-Winkel-

350 1917 527 1965 mann,
558 1904 697 1964 Acta,
738 1901 838 1950 No,
871 1902 1042 1965 6142;
1086 1900 1330 1965 Potthast,
1371 1901 1471 1951 No.
1506 1917 1679 1966 4719;
1726 1902 1787 1951 cf.
1824 1900 2000 1967 5186).
2031 1895 2044 1970 Η
2082 1901 2312 1965 Constat,
2354 1901 2530 1951 fratres

349 1974 559 2042 Templi
577 1974 885 2025 Innocentio
914 1975 977 2024 III
1006 1974 1398 2025 mendacissime
1428 1975 1772 2025 nuntiavisse:
1806 1975 2039 2027 «Volunt
2057 1976 2135 2025 isti
2154 1973 2401 2041 (Saladini
2418 1973 2530 2040 filii)

347 2050 564 2100 libenter
591 2050 804 2099 reddere
832 2049 887 2098 in
917 2066 1104 2099 manus
1132 2049 1333 2099 domini
1360 2067 1522 2116 papae
1539 2050 1756 2100 Terram
1784 2050 2040 2117 Sanctam,
2060 2066 2219 2116 quam
2244 2062 2436 2115 tenent,
2465 2050 2530 2100 ad

351 2141 484 2191 opus
503 2124 900 2174 christianorum
921 2136 984 2189 et,
1006 2135 1062 2173 ut
1090 2123 1210 2173 certi
1239 2124 1340 2173 sint
1368 2137 1416 2173 et
1443 2124 1608 2174 securi
1627 2126 1689 2174 de
1708 2124 1803 2174 alia
1821 2137 1969 2189 terra,
1988 2142 2015 2174 a
2033 2124 2234 2191 populo
2252 2124 2530 2174 christiano

349 2198 565 2265 singulis
593 2199 743 2248 annis
760 2198 945 2248 volunt
972 2215 1082 2248 esse
1110 2199 1206 2248 sub
1235 2211 1372 2248 certo
1400 2198 1592 2249 tributo
1611 2199 2080 2266 Jherosolymitano
2109 2211 2158 2248 et
2183 2199 2382 2249 dabunt
2408 2199 2530 2248 inde

349 2272 600 2323 cautelam
640 2273 906 2323 Romanae
947 2272 1187 2322 ecclesiae
1226 2273 1289 2322 de
1329 2289 1439 2322 non
1479 2273 1808 2339 impedienda
1849 2274 1965 2340 plus
2003 2274 2164 2324 Terra
2196 2273 2394 2338 Sancta,
2424 2289 2528 2339 qua

350 2347 598 2398 dominus
627 2359 802 2397 noster
828 2348 868 2397 J.
890 2347 1013 2398 Chr.
1040 2346 1146 2397 suis
1174 2347 1394 2413 pedibus
1422 2348 1731 2398 ambulavit»
1756 2347 2070 2415 (Ryccardus
2098 2347 2154 2397 in
2183 2349 2329 2398 Mon.
2349 2347 2525 2398 Germ.

352 2422 440 2472 SS.
469 2422 625 2486 XVII,
657 2439 705 2488 p.
741 2422 879 2488 336).
2411 2419 2529 2470 864

475 2508 508 2561 ¹)
540 2507 676 2551 Hanc
701 2505 955 2563 epistolam
978 2506 1053 2564 (26
1066 2504 1211 2564 April.
1235 2509 1364 2565 1213)
1387 2505 1602 2562 Alberto,
1624 2504 1919 2563 patriarchae
1933 2504 2390 2565 Hierosolymitano,
2404 2504 2530 2550 misit

350 2579 437 2623 per
470 2564 597 2610 viros
634 2566 865 2624 providos
904 2565 1146 2610 antedicto
1183 2564 1386 2610 soldano
1424 2565 1706 2610 tradendam
1740 2564 2007 2624 (Raynaldi,
2040 2564 2210 2609 Annal.
2254 2579 2378 2624 1213,
2412 2566 2441 2622 ξ
2476 2577 2527 2623 2;

352 2624 545 2683 Baluze,
569 2626 655 2683 Ep.
678 2626 840 2669 Innoc.
865 2625 917 2682 II,
951 2639 995 2683 p.
1019 2625 1107 2683 760
1123 2649 1174 2656 -—
1191 2626 1294 2683 761,
1327 2625 1417 2669 No.
1445 2626 1525 2685 363
1569 2624 1746 2683 Migne,
1780 2626 1866 2683 Ep.
1897 2624 2060 2669 Innoc.
2083 2625 2156 2681 ΙΙΙ,
2189 2639 2233 2683 p.
2257 2623 2345 2685 830
2362 2650 2411 2656 —-
2428 2623 2529 2684 831,

350 2685 441 2728 No.
469 2686 549 2744 36;
583 2684 750 2742 Μ31131,
774 2683 954 2750 Concil.
979 2685 1121 2741 XXII,
1144 2699 1188 2742 p.
1212 2685 1354 2744 967—
1392 2683 1474 2742 683
1496 2684 1711 2728 Harduin
1725 2685 1822 2741 VII,
1844 2699 1888 2741 p.
1917 2697 2109 2744 13—14;
2132 2683 2355 2742 Theiner,
2370 2684 2526 2728 Veter.

351 2758 482 2788 mon.
507 2744 762 2788 Slavorum
784 2745 816 2801 I,
840 2759 883 2802 p.
908 2753 979 2803 05,
1013 2744 1104 2788 No.
1128 2756 1212 2802 723
1246 2745 1360 2788 Pott
1396 2754 1482 2801 ast,
1516 2744 1606 2788 No.
1629 2756 1775 2802 47203
1811 2743 1869 2788 cf.
1893 2744 1984 2788 No.
2009 2744 2158 2802 5187).
2202 2744 2318 2788 Fere
2353 2743 2529 2788 eodem

351 2813 571 2861 tempore
594 2802 1262 2869 Johannes,·archi·episcopus
1287 2802 1635 2877 Cefaludensis,
1664 2803 1892 2869 soldanos
1926 2802 2135 2862 Aegypti
2157 2813 2204 2847 et
2225 2801 2448 2848 Damasci
2470 2802 2529 2847 de

352 2863 586 2907 mandato
609 2863 943 2908 InnocentnIII
966 2872 1178 2908 Visltasse
1201 2873 1445 2907 nuntiatur
1459 2863 1877 2920 (Rohrlcht,Be1tr.
1893 2863 1925 2920 Ι,
1939 2877 1983 2921 p.
2000 2863 2189 2922 56-57,
2202 2872 2303 2908 1101.
2319 2877 2342 2907 2
2348 2863 2528 2920 5—26).

487 2981 517 3005 ,,
597 2942 735 3009 Sept.
780 2944 864 2992 26.
921 2944 1113 2992 Januae
1156 2954 1272 2992 ante
1317 2942 1538 2992 domurn
1579 2941 1836 2992 Jachariae
1881 2942 1943 2991 de
1987 2942 2185 2992 Castro,
2231 2969 2303 2976 —
2346 2941 2530 2991 Simon

348 3016 606 3066 Bufferius
646 3015 811 3082 major
850 3017 1136 3081 confirmat,
1177 3034 1229 3066 se
1259 3034 1287 3066 a
1315 3016 1529 3067 Simone
1568 3016 1798 3066 Bufferio
1827 3015 2029 3081 juniore
2057 3016 2152 3067 XV
2178 3015 2331 3065 libras
2359 3028 2408 3065 et
2432 3015 2530 3066 XV

350 3091 544 3141 solidos
570 3092 679 3141 Jan.
700 3091 952 3157 accepisse
981 3091 1253 3141 occasione
1282 3090 1555 3141 solutionis
1584 3092 1647 3140 de
1675 3103 1852 3140 octava
1878 3090 2154 3155 solutione,
2175 3105 2333 3156 quam
2362 3089 2528 3140 dictus

351 3165 536 3215 Simon
574 3164 739 3230 major
778 3166 977 3215 dicebat
1016 3165 1190 3232 ipsum
1230 3164 1500 3216 Simonem
1540 3164 1800 3229 juniorem
1838 3164 2092 3231 accepisse
2121 3180 2215 3230 pro
2243 3181 2306 3214 eo
2334 3181 2362 3213 a
2389 3163 2528 3214 curia

350 3239 483 3304 regis
503 3239 676 3306 Syriae
696 3252 743 3289 et
760 3257 856 3306 pro
875 3240 1033 3290 feudo
1057 3258 1085 3289 a
1102 3240 1234 3290 dicta
1262 3239 1402 3290 curia
1429 3240 1654 3306 recipere
1682 3240 1909 3303 debebat,
1939 3255 2095 3304 quam
2125 3250 2360 3288 octavam
2386 3238 2529 3288 solu-

349 3314 550 3364 tionem
578 3315 745 3364 dictus
773 3314 955 3364 Simon
984 3313 1158 3379 junior
1185 3314 1438 3381 accepisse
1466 3314 1686 3379 negavit.
1730 3315 1828 3364 Pro
1858 3313 2048 3379 quibus
2075 3312 2172 3363 XV
2187 3313 2328 3362 libris
2356 3324 2406 3362 et
2431 3313 2528 3363 XV

350 3388 529 3439 solidis
558 3388 759 3456 Symon
786 3387 952 3454 major
979 3388 1025 3438 ei
1054 3389 1171 3439 dare
1200 3388 1451 3455 promittit
1478 3405 1568 3455 per
1595 3406 1648 3438 se
1676 3389 1753 3438 vel
1782 3404 1874 3454 per
1900 3404 2057 3438 suum
2085 3399 2281 3437 certum
2310 3386 2529 3437 missum

352 3463 566 3513 ulterius
607 3462 853 3513 bisantios
880 3475 980 3512 tres
1008 3463 1309 3513 saracinales
1341 3463 1403 3513 de
1433 3462 1577 3530 Syria
1616 3478 1712 3529 pro
1751 3478 2067 3528 unaquaque
2094 3461 2221 3511 libra
2248 3460 2368 3526 justi
2394 3477 2529 3527 pon-

353 3537 486 3587 deris
514 3538 744 3588 mundos
782 3539 844 3587 ab
884 3538 1129 3587 omnibus
1170 3537 1344 3587 dacitis
1384 3550 1432 3587 et
1471 3537 1650 3586 avariis
1690 3537 1753 3586 de
1792 3536 2061 3586 communi
2100 3537 2292 3586 Januae
2330 3534 2462 3585 infra
2489 3535 2528 3584 ΙΙ

351 3628 555 3661 menses
583 3612 866 3678 proximos,
896 3623 1173 3678 postquam
1212 3612 1371 3676 navis,
1402 3628 1533 3677 quae
1563 3610 1747 3661 dicitur
1774 3611 1991 3660 Sanctus
2018 3611 2200 3674 Lucas,
2231 3610 2362 3660 ultra
2389 3625 2527 3658 mare

353 3685 616 3752 applicuit,
637 3685 784 3736 certis
802 3685 912 3735 aliis
931 3685 1318 3736 conditionibus
1336 3685 1589 3750 adjunctis
1608 3686 1830 3750 (Januae,
1848 3685 1983 3734 arch.
2006 3683 2226 3734 notular.
2247 3682 2529 3733 Raimondi

353 3759 558 3825 Medici,
589 3760 677 3810 fol.
719 3777 805 3810 101
830 3776 880 3824 r;
924 3760 1064 3810 dedit
1091 3761 1246 3810 Dom.
1278 3761 1438 3810 Corn.
1469 3759 1774 3820 Desimoni).
2412 3755 2528 3805 865

491 3888 522 3912 ‚,
602 3849 787 3900 Octob.
828 3851 906 3900 18.
949 3853 1143 3899 Accon.
1173 3877 1245 3884 —
1273 3849 1579 3913 AdemarUS,
1621 3847 1868 3898 dominus
1896 3848 2190 3913 Caesareae,
2220 3862 2341 3897 cum
2367 3861 2528 3896 uxore

351 3924 552 3973 Juliana
596 3940 770 3974 coram
812 3924 1200 3990 archiepiscopo
1242 3922 1426 3987 P(etro)
1470 3922 1787 3973 Caesariensi
1839 3924 1901 3971 ab
1954 3921 2234 3989 Hospitalis
2285 3920 2527 3986 magistro
