2684 4244
974 160 1103 218 regni
1127 160 1561 220 Hierosolymitami.

2254 184 2350 232 ¹40

178 359 225 397 et
258 345 427 412 sigillo
467 346 750 397 confirmat.
780 375 851 381 —-
881 345 1223 395 Boamundus
1252 344 1331 407 III,
1377 343 1613 410 princeps
1657 343 1978 407 Antiochiae,
2024 345 2350 410 Bertrandus,

178 420 312 471 filius
341 421 596 485 Rainaldi,
631 422 790 486 Hugo
820 421 881 470 de
910 419 1126 483 Loisgis,
1169 418 1424 484 Roge1ius
1454 419 1516 467 de
1548 418 1812 478 Surdeval,
1855 419 2032 467 Petrus
2063 419 2123 467 de
2153 420 2351 483 Hasart,

177 495 446 545 Richerius
476 496 537 545 de
566 496 844 555 Lerminat,
885 495 1044 558 Hugo
1075 492 1365 556 R(ad)ulfus
1394 493 1454 541 de
1487 494 1699 558 Margat,
1730 492 1848 550 Gilo
1879 492 2117 542 Daillant.
2162 494 2352 542 Datum

176 586 268 636 per
294 585 508 619 manum
529 570 873 629 Constantini,
904 568 1070 618 clerici
1099 566 1360 634 principis,
1393 567 1678 616 cancellarii
1707 567 1823 616 loco
1853 579 2061 615 vacante
2091 567 2353 629 (Delaville

176 644 222 694 le
251 643 441 708 Roulx,
472 661 521 710 p.
565 645 862 710 137—138,
894 644 994 692 No.
1026 644 1095 707 48
1130 641 1207 706 [cf.
1240 658 1287 707 p.
1323 639 1433 705 2o];
1479 642 1646 704 PrutZ,
1678 657 1725 707 p.
1767 658 1880 705 113,
1911 642 2011 690 No,
2042 642 2146 705 41).
2238 641 2354 689 560

257 730 406 780 1178
436 733 573 799 Sept.
597 736 644 799 8,
676 734 780 783 ind.
811 733 895 782 XI.
926 759 998 766 --
1026 731 1256 794 P(etrus),
1287 730 1527 780 ecclesiae
1557 731 1604 779 S.
1625 729 1896 795 Sepulchri
1925 730 2080 796 prior,
2110 731 2353 795 magistro

178 807 421 857 Roterico
450 820 499 856 et
528 808 761 857 fratribus
802 807 961 874 ipsius
1001 805 1180 855 habitu
1210 804 1638 855 Cisterciensibus
1668 805 1936 870 proposito
1965 804 2272 854 militaribus
2301 806 2353 854 in

176 896 304 932 terra
332 882 802 949 Hierosolymitana
842 881 1066 930 habitare
1107 880 1396 930 volentibus
1427 880 1690 944 quandam
1724 892 1924 942 terram,
1956 895 2087 943 quae
2117 891 2191 928 est
2219 878 2353 942 juxta

175 956 343 1006 tolum
367 956 399 1019 ¹)
440 957 750 1022 patriarchae
779 974 806 1005 a
833 955 1048 1005 sinistris
1076 955 1184 1004 viae
1224 971 1439 1018 magnae
1471 953 1841 1003 Mathomariae
1863 953 1898 1015 2)
1930 970 2022 1019 pro
2052 954 2100 1002 X
2128 954 2354 1002 bisantiis

175 1030 486 1081 annualibus
514 1047 686 1080 coram
706 1031 966 1080 Amalrico
995 1029 1276 1095 patriarcha
1305 1028 1556 1078 concedit.
1600 1029 1740 1077 Haec
1765 1044 1887 1077 vero
1905 1041 2034 1076 terra
2052 1028 2356 1077 terminatur

176 1107 236 1154 ab
266 1105 461 1155 oriente
490 1118 620 1155 terra
649 1105 697 1155 S.
728 1105 884 1168 Eliae,
914 1106 974 1153 ab
1005 1103 1270 1153 occidente
1300 1116 1348 1152 et
1376 1103 1589 1152 meridie
1618 1102 1713 1167 via,
1745 1119 1877 1167 quae
1907 1101 2068 1167 ipsam
2099 1103 2279 1151 dividit
2308 1115 2355 1151 et

174 1193 360 1230 terram
389 1180 716 1246 patriarchae,
759 1198 785 1229 a
813 1177 1162 1245 septentrione
1201 1178 1308 1228 tolo
1349 1177 1659 1244 patriarchae
1690 1189 1737 1225 et
1764 1189 1892 1225 terra
1920 1176 2121 1225 Nicolai
2151 1176 2354 1226 Scribae

176 1266 225 1304 et
243 1254 493 1304 Willelmi
513 1254 748 1318 Megelei.
779 1254 995 1319 Insuper
1023 1254 1118 1303 sub
1147 1252 1407 1319 praedicto
1437 1268 1595 1301 censu
1625 1250 1774 1300 tradit
1802 1250 1953 1299 aliam
1983 1251 2170 1317 petiam
2197 1264 2355 1300 terrae

175 1329 420 1378 cisternae
449 1331 509 1378 ab
539 1329 803 1379 occidente
832 1328 1070 1391 vicinam,
1099 1344 1231 1393 quae
1262 1327 1357 1377 fuit
1385 1326 1655 1391 cujusdam
1683 1325 1926 1390 Angeler,
1958 1339 2003 1374 et
2032 1325 2200 1389 sigillo
2231 1342 2355 1375 con-

175 1403 358 1453 firmat.
398 1433 470 1438 —
509 1404 586 1453 De
627 1403 913 1453 canonicis:
960 1402 1354 1462 Constantinus,
1397 1400 1706 1467 Arnulphus
1750 1399 2004 1465 subprior,
2050 1399 2352 1461 Balduinus,

174 1478 602 1528 Bartholomaeus
627 1491 805 1527 cantor
833 1478 1136 1540 sacerdoteS,
1165 1477 1437 1542 Rogerius,
1456 1475 1739 1526 Gaufridus
1768 1476 1829 1524 de
1859 1475 2011 1524 Novo
2040 1475 2168 1538 vico,
2197 1475 2354 1524 Boni-

176 1552 335 1602 facius
363 1552 826 1617 diaconi;-PetruS,
858 1552 1050 1615 Guido,
1083 1552 1372 1601 Matthaeus
1400 1550 1730 1611 subdiaconi3
1774 1550 1837 1598 de
1865 1549 2030 1597 laicis:
2074 1549 2355 1599 Gaufridus

174 1627 514 1691 TuronensiS,
530 1628 786 1676 Robertus
806 1627 868 1676 de
887 1626 1199 1692 Pinquenni,
1214 1626 1476 1675 Johannes
1493 1624 2098 1688 Raimundi,Willelmus
2116 1623 2353 1687 Beraudi,

176 1700 471 1751 Willelmus
501 1702 562 1750 de
591 1702 755 1752 Pontz
785 1701 943 1763 (Paoli
972 1702 1006 1766 I,
1038 1718 1085 1767 p.
1120 1702 1427 1766 247—248,
1458 1701 1559 1749 No,
1594 1715 1723 1763 2053
1758 1696 1826 1750 cf.
1856 1715 1904 1764 p.
1942 1698 2078 1763 547).
2240 1697 2347 1746 561

300 1787 329 1844 ¹)
353 1786 602 1831 Tolonum
626 1787 923 1843 (Toronum)
940 1792 956 1830 ἱ)
1083 1788 1118 1841 2)
1142 1786 1324 1843 Legas:
1348 1782 1673 1828 Mahorneriae
1698 1784 1935 1841 (magnae,
1959 1798 2085 1827 nunc
2111 1783 2354 1842 alssb‘irah).

310 1903 340 1927 ‚‚
420 1867 552 1916 Nov.
601 1884 679 1931 17,
725 1866 830 1915 ind.
872 1866 976 1916 XII.
1031 1866 1188 1932 Apud
1231 1865 1438 1915 Vadum
1477 1865 1647 1914 Jacob.
1693 1890 1766 1897 ——
1809 1863 2096 1912 Balduinus
2140 1864 2223 1928 IV,
2268 1881 2354 1913 rex

174 1941 695 2007 Hierosolymitanus,
715 1941 971 2007 Hospitali
1000 1957 1091 2006 per
1118 1956 1335 1989 manum
1365 1939 1575 2004 Rogerii
1605 1939 1667 1987 de
1698 1937 1910 1987 Molinis
1940 1938 2166 2002 magistri
2196 1940 2354 1988 casale

175 2014 388 2065 Siletam
414 2016 469 2065 in
498 2015 753 2065 territorio
774 2015 1118 2082 Neapolitano
1149 2014 1303 2063 situm
1333 2027 1380 2062 et
1408 2030 1591 2063 omnes
1620 2013 1878 2062 beduinos
1898 2029 2188 2078 eorumque
2208 2014 2354 2062 here-

176 2090 282 2154 des,
313 2106 446 2155 quos
474 2090 780 2154 Amalricus,
810 2090 1097 2139 vicecomes
1125 2089 1499 2155 Neapolitanus
1529 2086 1760 2153 (ejusque
1789 2101 1929 2153 pater
1957 2089 2123 2136 bonae
2153 2105 2353 2137 memo-

175 2164 277 2214 riae
305 2165 591 2214 Balduinus
620 2166 763 2214 dono
794 2164 1110 2214 Mellisendis
1138 2164 1378 2228 reginae),
1408 2163 1719 2229 possederat,
1751 2162 1839 2211 sed
1876 2178 2018 2211 nunc
2058 2179 2176 2211 cum
2219 2163 2354 2211 dicto

175 2239 325 2288 casali
364 2255 623 2289 consensu
665 2239 855 2289 Mariae
896 2239 1118 2304 reginae,
1163 2237 1359 2287 Baliani
1388 2238 1450 2286 de
1481 2237 1674 2286 Ibelino
1716 2236 1964 2302 (tempore
2005 2237 2354 2286 concessionis

176 2313 378 2363 domini
436 2312 820 2380 Neapolitani),
902 2312 1207 2379 Stephaniae
1267 2311 1441 2362 uxoris
1504 2323 1552 2360 et
1609 2310 1844 2375 ejusdem
1902 2311 2055 2377 patris
2112 2311 2354 2361 Balduini

177 2388 526 2452 Ramatensis,
588 2388 827 2438 Isabellae
882 2387 1052 2437 matris
1105 2404 1161 2436 ac
1215 2387 1426 2436 fratrum
1481 2385 1726 2449 Renaldi,
1780 2386 2059 2450 Johannis,
2116 2386 2323 2450 Rogerii
2342 2426 2352 2441 ,

177 2462 477 2527 Raimundi,
518 2462 732 2527 Baliani,
773 2479 1015 2512 sororum
1056 2461 1385 2525 Milissendis,
1427 2461 1597 2511 Gislae
1639 2472 1687 2509 et
1725 2459 1939 2526 Agnetis
1968 2461 2013 2510 V
2041 2461 2268 2509 millibus
2308 2474 2354 2509 et

177 2538 223 2587 D
252 2537 481 2587 bisantiis
508 2538 754 2602 vendidit,
786 2537 1022 2586 concedit
1050 2549 1097 2585 et
1125 2535 1292 2601 sigillo
1323 2534 1606 2585 confirmat.
1651 2535 1792 2584 Haec
1811 2548 1981 2584 autem
2001 2548 2121 2583 sunt
2141 2536 2354 2584 nomina

176 2612 554 2678 praedictorum
574 2613 926 2662 beduinorum
947 2613 1008 2661 de
1027 2627 1214 2675 genere
1229 2610 1596 2674 Benicarguas:
1620 2609 1765 2658 Saraf
1778 2610 1978 2672 Hamet,
1994 2609 2129 2658 filius
2146 2610 2353 2673 Homet,

175 2686 398 2752 Turqui,
430 2686 563 2736 filius
591 2687 779 2750 Nohel,
801 2686 1098 2752 ‚Mahomot,
1127 2685 1263 2734 filius
1293 2685 1502 2749 Homer,
1522 2684 1738 2748 Hahata,
1759 2683 1895 2733 filius
1915 2684 2157 2743 Caurien,
2190 2685 2350 2742 Nede,

177 2759 312 2810 filius
341 2761 515 2824 Haun,
558 2761 744 2825 Geber,
786 2760 921 2810 filius
961 2761 1137 2823 Gerar,
1180 2759 1373 2823 Sernes,
1415 2758 1550 2808 filius
1593 2758 1838 2822 Mefereh,
1885 2758 2098 2824 Hataya,
2142 2760 2352 2821 Cavam,

178 2835 422 2896 Rumma,
463 2836 527 2885 de
554 2852 741 2901 genere
770 2835 1043 2900 Benicelge
1079 2834 1133 2883 in
1160 2850 1365 2884 summa
1393 2834 1439 2883 X
1466 2832 1708 2894 tentoria3
1755 2832 1898 2896 Ozia,
1940 2832 2075 2882 filius
2105 2834 2351 2891 Holihan,

177 2909 318 2973 Ozzi,
349 2909 485 2960 filius
513 2911 725 2974 Hahazi,
768 2910 954 2973 Salem,
986 2909 1121 2958 filius
1149 2908 1384 2972 Cahalin,
1428 2907 1650 2972 Salmen,
1679 2907 1815 2957 filius
1845 2908 2078 2971 Cahalin,
2123 2909 2352 2961 Mensor.

177 2983 313 3034 filius
342 2986 579 3047 Menaeb,
611 2985 777 3049 Sacre,
808 2985 944 3034 filius
973 2983 1186 3050 Hyahis,
1217 2983 1392 3046 Fehet,
1414 2982 1547 3032 filius
1577 2983 1795 3043 Hassen,
1829 2983 2004 3042 Bedre,
2027 2982 2161 3031 filius
2182 2983 2352 3036 Haub.

178 3059 341 3123 Heuz,
372 3059 508 3108 filius
537 3060 752 3124 Hassen,
794 3060 994 3122 Haneb,
1026 3058 1162 3108 filius
1191 3058 1407 3121 Hassen,
1450 3057 1724 3115 Hahanob,
1756 3056 1891 3106 filius
1921 3061 2104 3114 Assen,
2136 3058 2352 3113 Hassen,

178 3132 314 3183 filius
341 3133 509 3198 Hous,
552 3134 764 3200 Hataye,
795 3134 930 3183 filius
967 3133 1154 3195 Gemil,
1186 3132 1422 3193 Gemma,
1467 3132 1696 3195 Mansor,
1738 3131 1873 3180 filius
1915 3132 2152 3194 Gemma,
2197 3132 2352 3187 Solta,

178 3206 313 3256 filius
328 3208 546 3272 Hassen,
561 3210 748 3276 Zyede,
765 3208 900 3258 filius
919 3208 1118 3270 Haneb,
1137 3206 1345 3270 Rahafe,
1365 3206 1501 3256 filius
1522 3206 1707 3271 Sereta,
1728 3205 1895 3272 Syble,
1916 3205 2049 3255 filius
2070 3206 2353 3261 Hanasscn,

179 3282 392 3346 Hahata,
434 3281 568 3333 filius
597 3283 784 3344 Gemil,
827 3283 1094 3331 Hahassen
1123 3281 1262 3330 radix
1294 3310 1358 3315 ——
1390 3281 1441 3330 hi
1471 3294 1591 3330 sunt
1620 3282 1682 3330 cle
1711 3297 1898 3345 genere
1936 3281 2220 3338 Hahassen,
2266 3280 2351 3328 lilii

180 3356 388 3421 Mahan,
431 3356 483 3406 in
511 3374 716 3407 summa
743 3358 860 3407 XXI
890 3356 1131 3417 tentoria;
1179 3356 1446 3421 Sarquam,
1477 3355 1612 3405 filius
1643 3355 1784 3419 Rasa,
1817 3355 2174 3407 Sahatlahabil.
2220 3354 2351 3410 llali,

179 3429 314 3480 filius
341 3431 443 3494 Zet,
473 3432 738 3498 Marahob,
770 3433 1001 3495 Haatem,
1032 3430 1166 3480 filius
1195 3430 1463 3495 Sarquam,
1495 3432 1556 3480 de
1582 3446 1769 3494 genere
1792 3430 2040 3478 Marahob
2071 3429 2121 3477 in
2151 3445 2352 3477 sumnia

182 3505 224 3554 V
252 3505 496 3567 tentoria;
543 3507 712 3570 Ziede,
745 3506 879 3555 filius
907 3506 1093 3571 Zyede,
1141 3505 1350 3568 Hiessir,
1382 3504 1517 3554 filius
1546 3505 1732 3570 Zyede,
1775 3504 1912 3553 Zeiet
1944 3504 2186 3566 Mefereg,
2221 3502 2353 3551 lilius

182 3580 358 3642 Matar,
388 3579 522 3643 Hali,
553 3580 689 3630 filius
718 3581 986 3642 Lahantar,
1031 3579 1179 3642 Saltu,
1211 3579 1346 3628 filius
1375 3579 1511 3640 Aloi,
1555 3579 1787 3640 Meissor,
1819 3578 1951 3627 lilius
1983 3578 2142 3626 fratris
2176 3578 2351 3630 Βεὼρ,

182 3653 456 3718 Hahamer,
485 3653 620 3704 filius
650 3655 842 3719 Secleb,
872 3655 1044 3715 Socre,
1076 3653 1209 3702 filius
1240 3654 1485 3716 Mehelec,
1514 3654 1694 3716 Bedre,
1717 3653 1850 3701 filius
1870 3653 2044 3707 Cossa,
2079 3653 2353 3706 Mobesser,

181 3727 316 3777 filius
344 3728 514 3793 Zyede
549 3757 608 3763 —-
644 3730 705 3778 de
734 3746 921 3794 genere
952 3729 1113 3777 Bedre
1143 3727 1231 3776 filii
1261 3729 1420 3777 Cossa
1452 3728 1503 3777 in
1533 3745 1735 3777 summa
1763 3727 1829 3775 XI
1861 3727 2101 3778 tentoria:
2150 3727 2350 3778 llasscr,

182 3800 318 3851 filius
347 3802 567 3867 Haloen,
598 3803 821 3868 Guatfel,
860 3804 1110 3862 Rodaem,
1142 3802 1276 3851 filius
1306 3804 1430 3862 Cab,
1465 3803 1707 3866 Tergem,
1740 3801 1872 3850 lilius
1906 3803 2149 3853 Maumct,
2182 3800 2351 3854 Sebib,

183 3876 245 3925 de
273 3892 460 3940 genere
490 3876 643 3927 Sebib
672 3877 951 3943 Lahagerfe
992 3877 1044 3926 in
1081 3893 1284 3926 summa
1314 3877 1400 3926 VII
1430 3877 1673 3936 tentoria3
1707 3876 1922 3934 Saleme,
1956 3875 2088 3923 lilius
2121 3875 2349 3929 lsslforsic,

183 3949 325 4013 Soar,
365 3949 500 4000 filius
529 3952 718 4017 Senen,
764 3952 905 4016 Sora,
948 3950 1083 4001 filius
1118 3950 1297 4015 Sohar,
1339 3951 1473 4015 Fela,
1506 3951 1638 4000 lilius
1668 3951 1855 4014 Senen,
1900 3950 2174 4003 l-lahamcr,
2221 3948 2352 3996 lilius
