2684 4244
973 161 1104 220 regni
1126 157 1559 221 Hierosolymitani,
2249 180 2274 214 2
2284 183 2311 219 7
2325 182 2347 230 3

262 346 410 396 1233
438 349 554 397 Jun.
589 377 654 382 ——
687 347 937 408 VassaIUS,
967 345 1240 411 episcopus
1268 344 1556 408 BibliensiS,
1588 343 1751 393 abbati
1781 357 1827 393 et
1856 343 2134 393 conventui
2165 345 2214 393 S.
2244 343 2353 392 Fir-

180 422 365 471 mitatis
393 421 589 471 ordinis
615 419 1031 471 Cisterciensium
1061 420 1279 469 domum
1310 419 1359 468 S.
1381 418 1542 482 Sergii
1573 432 1619 467 et
1647 435 1829 467 omnes
1859 419 2209 484 possessiones
2237 435 2353 467 suas

180 512 274 562 pro
327 496 523 545 abbatia
566 494 916 546 Cisterciensis
970 493 1166 543 ordinis
1211 493 1439 542 facienda
1483 492 1618 541 salva
1660 506 1832 542 tamen
1876 492 2070 541 ratione
2114 492 2352 541 ecclesiae

180 570 466 634 Bibliensis,
512 570 698 619 scilicet
738 569 880 634 quod
920 570 1071 617 abbas
1112 568 1271 616 dictae
1312 567 1500 616 domus
1541 567 1590 615 S.
1623 567 1783 631 Sergii
1825 567 2069 632 episcopo
2110 566 2353 615 Bibliensi

180 644 526 694 obedientiam
568 645 763 707 debeat,
805 658 1061 692 consensu
1104 641 1344 691 omnium
1381 640 1753 690 canonicorum
1783 640 1988 706 capituli
2018 641 2206 690 scilicet
2236 641 2354 689 Rai—

180 718 364 768 mundi
394 718 629 782 cantoris,
660 717 793 768 Salvi
822 716 1186 780 archidiaconi,
1213 715 1462 764 Amarrici
1492 715 1797 764 subdiaconi
1827 728 1873 764 et
1902 715 2162 764 Laurentii
2191 731 2354 763 sacer-

179 792 313 842 dotis
352 792 520 858 sigillo
559 810 656 843 suo
697 790 966 842 confirmat
1007 790 1236 853 (Chartes
1266 790 1328 839 de
1357 790 1588 855 l'abbaye
1618 789 1967 839 Cistercienne
2005 790 2066 838 de
2098 789 2167 838 St.
2200 789 2354 853 Serge

179 867 242 916 de
272 866 446 917 Giblet
473 867 526 916 in
556 868 713 916 Mem.
746 866 793 915 d.
825 865 981 930 antiq.
1014 866 1076 914 de
1105 865 1299 914 France
1326 864 1546 927 XLVIII,
1578 880 1626 929 p.
1662 864 1910 928 25—26).
2207 861 2355 910 1044

315 1009 347 1034 ,,
426 972 562 1038 Sept.
598 988 680 1037 30,
726 971 832 1020 ind.
864 970 945 1019 VI.
1004 972 1182 1018 Accon
1223 969 1276 1017 in
1316 967 1454 1018 curia
1494 968 1819 1034 patriarchae.
1865 993 1937 1001 —-
1980 967 2156 1031 Hugo,
2202 969 2356 1016 abbas

181 1045 442 1095 Dominici
457 1045 682 1112 Templi,
703 1060 959 1095 consensu
980 1043 1352 1092 canonicorum
1370 1042 1603 1091 videlicet
1622 1041 1821 1091 Nicolai
1840 1041 2023 1107 prioris
2043 1054 2089 1090 et
2106 1041 2355 1090 Iohannis

182 1121 245 1170 de
275 1121 533 1184 Alvernia,
563 1120 812 1170 Johannis
841 1132 889 1168 et
918 1117 1314 1182 Bartholomaei,
1354 1116 1605 1166 laicorum
1646 1131 2016 1165 conversorum
2057 1129 2103 1164 et
2144 1115 2356 1165 fratrum

180 1194 339 1260 ipsius
368 1194 624 1260 ecclesiae,
655 1210 826 1244 coram
846 1192 1127 1256 G(eroldo),
1156 1192 1435 1258 patriarcha
1465 1190 1957 1257 Hierosolymitano,
1989 1189 2274 1256 confirmat,
2305 1207 2356 1239 se

180 1284 275 1335 pro
312 1269 545 1319 emendis
574 1269 885 1334 quibusdam
927 1267 1186 1329 domibus,
1217 1283 1348 1332 quae
1389 1266 1599 1315 fuerunt
1638 1264 1967 1315 Constantini
2007 1263 2177 1313 Brictii
2218 1278 2264 1313 et
2304 1264 2357 1313 in

181 1360 307 1408 ruga
324 1343 723 1393 Provincialium
735 1341 1027 1392 Acconensi
1046 1341 1167 1390 sitae
1186 1354 1320 1405 sunt,
1337 1340 1632 1404 Eustorgio,
1646 1339 1936 1389 Nicosiensi
1956 1338 2357 1404 archiepiscopo,

182 1416 506 1483 praestariam
543 1418 803 1483 quandam
830 1416 863 1480 1)
892 1415 1198 1465 vendidisse.
1228 1443 1300 1450 -—
1328 1418 1410 1478 A.,
1440 1415 1714 1481 episcopus
1742 1413 2032 1477 Liddensis,
2061 1413 2358 1477 N(icolaus),

183 1493 409 1542 decanus
436 1492 771 1554 Acconensis,
813 1491 884 1555 P„
915 1492 1067 1539 abbas
1097 1489 1290 1540 Montis
1318 1490 1509 1552 Tabor,
1541 1489 1781 1554 magister
1810 1488 2122 1538 Guillelmus
2152 1488 2357 1536 Duran-

182 1567 296 1630 duS,
327 1566 563 1616 canonici
591 1565 945 1627 Nicosienses;
978 1564 1151 1614 fratres
1178 1566 1200 1614 J
1206 1565 1438 1614 ohannes
1458 1565 1520 1613 de
1538 1568 1714 1629 Aaras,
1735 1562 2048 1613 Guillelmus
2069 1563 2130 1611 de
2149 1562 2358 1626 Berbisi,

184 1641 461 1704 Johannes,
504 1641 644 1707 prior
670 1640 990 1707 Episcopiae.
1022 1667 1093 1673 —
1122 1639 1397 1702 Gerardus,
1438 1639 1708 1704 quondam
1747 1637 1993 1687 Benenati
2035 1636 2358 1687 Cascinensis

180 1714 333 1779 filius,
363 1713 518 1779 judex
545 1715 821 1781 imperialis
850 1726 897 1763 et
926 1713 1234 1763 pisanorum
1264 1713 1494 1763 notarius
1522 1713 1778 1779 publicus,
1808 1711 2023 1778 scripsit,
2065 1711 2357 1773 G(eroldus)

183 1789 464 1855 patriarcha
492 1802 539 1839 et
566 1790 743 1854 Hugo,
774 1790 928 1838 abbas
958 1788 1220 1837 Dominici
1253 1787 1479 1854 Templi,
1522 1787 1873 1853 sigillaverunt
1912 1786 2006 1849 (De
2036 1787 2146 1835 Mas
2175 1786 2357 1848 Latrie,

181 1864 311 1913 Hist.
332 1863 411 1928 III,
431 1880 480 1930 p.
500 1865 772 1929 636—637
795 1876 841 1912 et
860 1863 912 1912 in
933 1863 1178 1912 Archives
1197 1863 1259 1912 de
1277 1862 1499 1912 I'Orient
1516 1861 1641 1911 latin
1659 1862 1697 1911 II
1712 1865 1774 1926 A,
1795 1878 1843 1928 p.
1864 1878 1890 1910 2
1908 1878 1921 1910 1
1937 1878 2061 1925 9—2
2073 1860 2171 1923 20).
2211 1858 2359 1908 1045

307 1949 339 2002 ¹)
373 1946 525 1991 Alias:
548 1947 722 2006 prastia
748 1946 843 1991 sive
868 1946 1130 2004 praedium.

274 2091 281 2099 ,
319 2079 348 2105 ,,
429 2042 614 2092 Octob.
651 2059 696 2107 3,
726 2041 831 2090 ind.
853 2041 932 2090 VI.
970 2044 1165 2090 Accon.
1197 2040 1253 2088 In
1282 2039 1468 2105 palatio
1498 2038 1702 2088 Odonis
1732 2038 2110 2088 constabularii.
2142 2067 2215 2073 —-
2241 2039 2359 2087 Odo

183 2117 246 2166 de
276 2116 708 2180 MontebeliardO,
751 2116 1159 2165 constabularius
1187 2114 1331 2178 regni
1360 2112 1838 2180 Hierosolymitani,
1880 2113 2037 2178 litem,
2069 2129 2200 2178 quae
2231 2113 2360 2162 inter

183 2191 370 2240 domos
397 2191 605 2257 Templi
634 2204 681 2240 et
709 2190 989 2256 Hospitalis
1018 2207 1078 2239 ex
1108 2206 1210 2239 una
1246 2201 1384 2255 parte
1424 2201 1471 2237 et
1511 2188 1643 2238 cives
1685 2188 1938 2238 Massiliae
1979 2205 2037 2237 ex
2078 2189 2229 2237 altera
2269 2188 2356 2237 diu

181 2267 489 2329 versabatur,
511 2266 769 2332 disceptat.
801 2264 1015 2314 Domini
1042 2264 1182 2313 enim
1202 2277 1249 2312 et
1266 2262 1591 2312 vicecomites
1610 2263 1879 2328 quondam
1901 2262 2153 2312 Massiliae
2171 2262 2359 2311 scilicet

183 2340 504 2390 Doncelinus
533 2352 579 2389 et
606 2340 784 2404 HugO,
805 2339 1132 2388 Raimundus
1162 2340 1223 2388 de
1252 2338 1460 2402 BauciO,
1482 2336 1736 2387 Geraldus
1755 2337 2018 2386 Ademarii
2037 2338 2097 2386 de
2118 2336 2359 2386 Montilio

183 2427 231 2464 et
258 2414 588 2464 Raimundus
617 2414 898 2465 Gaufridus
928 2415 989 2463 de
1018 2413 1174 2462 Tritis
1214 2412 1482 2479 praedictis
1523 2412 1767 2461 domibus
1808 2425 2180 2475 concesserant,
2223 2425 2277 2461 ut
2306 2412 2357 2460 in

183 2501 337 2555 portu
367 2488 620 2538 Massiliae
650 2506 804 2538 naves
833 2489 1018 2537 habere
1049 2500 1097 2537 et
1125 2487 1244 2536 inde
1274 2487 1511 2551 navigare
1552 2500 1775 2552 possent,
1806 2502 2126 2551 quocunque
2154 2486 2356 2545 vellent,

181 2563 271 2613 sed
300 2563 645 2613 Massilienses
686 2564 810 2613 haec
847 2563 1109 2629 privilegia
1137 2579 1231 2628 pro
1261 2561 1426 2610 nihilo
1455 2562 1779 2610 aestimantes
1808 2561 1880 2610 eis
1910 2561 2069 2610 multa
2097 2561 2285 2609 damna
2314 2574 2359 2610 et

184 2636 394 2702 inJurias
422 2638 725 2688 intulerunt.
757 2638 1037 2702 Postquam
1057 2653 1178 2686 vero
1208 2636 1391 2685 consul
1410 2635 1811 2685 Massiliensium
1829 2635 2147 2684 Acconensis
2165 2636 2358 2685 Johan-

183 2728 274 2762 nes
303 2713 365 2762 de
395 2712 445 2763 S.
462 2712 678 2775 Hilario,
708 2729 759 2761 se
789 2730 814 2761 a
844 2712 924 2775 R„
955 2711 1144 2761 comite
1163 2710 1432 2760 Tolosano
1451 2724 1499 2759 et
1516 2710 1735 2759 domino
1756 2710 2025 2774 Massiliae,
2056 2710 2357 2759 mandatum

182 2802 238 2836 ac
266 2800 564 2852 potestatem
585 2788 648 2836 de
668 2787 761 2836 hac
790 2803 841 2835 re
870 2785 1219 2852 respondendi
1240 2786 1442 2849 habere,
1464 2785 1682 2850 negavit,
1702 2786 1913 2834 tandem
1931 2784 2062 2834 inter
2080 2785 2359 2834 domorum

183 2861 452 2926 magistros
493 2862 555 2911 de
596 2878 700 2911 una
739 2873 878 2928 parte
919 2874 966 2910 et
1006 2861 1332 2924 Rostagnum
1368 2860 1430 2908 de
1459 2859 1621 2909 Podio
1650 2859 1769 2909 Alto
1800 2871 1848 2908 et
1876 2858 2267 2910 Guicelminum
2298 2859 2360 2908 de

183 2936 453 2986 Caranzon
482 2936 697 2986 nomine
718 2935 1121 2986 Massiliensium
1150 2935 1211 2983 de
1240 2935 1391 2983 altera
1420 2947 1558 3000 parte
1589 2934 1911 2998 constitutos,
1941 2934 2076 2983 dicto
2096 2933 2284 2983 Odone
2314 2947 2359 2982 et

182 3010 417 3060 Johanne
456 3011 518 3060 de
558 3010 801 3074 Ybelino,
844 3009 1060 3059 domino
1102 3009 1268 3073 Beriti,
1309 3008 1671 3072 mediantibus,
1714 3025 1809 3074 pax
1850 3021 1898 3057 et
1927 3008 2205 3058 concordia
2236 3008 2359 3056 facta

184 3096 272 3134 est.
330 3085 504 3150 Itaque
535 3085 830 3149 Rostagnus
860 3097 907 3133 et
936 3083 1298 3134 Guicelminus
1340 3082 1667 3148 privilegium
1707 3100 1797 3149 per
1835 3099 2053 3132 manum
2092 3081 2357 3133 Guillelmi

184 3158 406 3223 Imberti,
448 3159 641 3226 publici
683 3159 882 3222 notarii,
924 3158 1177 3208 bullatum
1218 3170 1265 3207 et
1300 3175 1325 3206 a
1354 3158 1723 3207 communitate
1764 3157 2166 3207 Massiliensium
2206 3170 2358 3221 atque

184 3233 369 3283 comite
396 3232 666 3284 Tolosano
696 3235 872 3283 datum
908 3244 1248 3298 agnoverunt,
1279 3248 1386 3297 quo
1416 3232 1731 3295 conceditur,
1775 3246 1828 3282 ut
1859 3233 2049 3281 domus
2076 3232 2282 3297 Templi
2314 3246 2357 3279 et

186 3307 466 3373 Hospitalis
495 3308 547 3357 in
576 3308 795 3357 Paschae
834 3321 879 3357 et
909 3307 1129 3371 Augusti
1171 3306 1403 3373 passagio
1433 3307 1746 3371 quibusdam
1787 3306 2176 3356 conditionibus
2216 3306 2359 3353 binas

186 3397 338 3431 naves
364 3398 575 3432 onerare
605 3396 651 3432 et
680 3399 846 3448 usque
865 3383 926 3431 ad
948 3382 1052 3431 MD
1072 3382 1370 3447 peregrinos
1390 3380 1442 3430 in
1464 3380 1559 3430 illis
1578 3382 1800 3447 recipere
1821 3381 2034 3447 possint,
2056 3382 2359 3429 Hermanno

186 3455 248 3504 de
278 3455 523 3520 Peragors
564 3469 612 3506 et
651 3457 848 3507 Gerino
888 3457 949 3505 de
991 3457 1169 3505 Monte
1213 3469 1379 3520 acuto,
1424 3456 1632 3521 Templi
1677 3469 1723 3505 et·
1767 3455 2046 3521 Hospitalis
2091 3454 2357 3518 magistris.

186 3530 452 3594 Rostagno
482 3543 528 3580 et
557 3531 889 3581 Guicelmino
918 3530 1273 3594 sigillantibus
1293 3558 1364 3565 —
1384 3530 1503 3579 Odo
1534 3531 1595 3579 de
1628 3530 2054 3586 Montebeliardo,
2086 3530 2358 3577 constabu—

185 3604 338 3653 larius
367 3617 413 3653 et
442 3604 643 3669 bajulus
677 3606 838 3671 regni,
879 3606 1139 3654 Johannes
1180 3605 1241 3654 de
1284 3604 1522 3665 Ybelino,
1566 3605 1813 3654 dominus
1857 3604 2040 3670 Beryti,
2080 3604 2357 3656 Johannes,

186 3677 432 3727 dominus
460 3679 753 3742 Caesareae,
785 3680 1060 3730 Gauterius
1090 3679 1151 3727 de
1182 3679 1334 3743 Flori,
1364 3679 1587 3728 Anricus
1616 3680 1678 3728 de
1709 3680 1994 3737 NazarenO,
2028 3679 2359 3726 Maccabacus

186 3752 399 3815 milites;
447 3752 620 3803 fratres
662 3753 898 3820 Templi:
945 3753 1231 3803 Balduinus
1276 3754 1337 3802 de
1382 3752 1612 3817 Beuraje,
1633 3754 1660 3815 ¹)
1710 3753 1972 3802 Renaldus
2019 3753 2357 3808 Alamannus,

184 3826 401 3876 Jacobus
441 3826 522 3876 del
563 3828 699 3892 Lois,
747 3828 1137 3878 commendator
1177 3828 1366 3877 domus
1395 3828 1603 3894 Templi
1634 3827 1969 3890 Acconensis,
2014 3826 2269 3877 Geraldus
2298 3827 2359 3874 dc

313 3958 342 4010 ¹)
377 3956 447 3999 De
472 3971 569 4014 quo
593 3971 734 4014 supra
760 3957 848 3999 No.
883 3971 1005 4015 1039,
1031 3966 1126 3999 not.
1155 3972 1192 4015 3.

277 4043 387 4081 Rau
402 4045 513 4080 rich
529 4051 551 4089 t,
587 4044 761 4091 chcsta.
2015 4046 2062 4086 18
