2684 4244
942 106 1072 164 regni
1096 106 1531 165 lfflierosolymitani.
2227 129 2312 162 171

160 293 311 356 1875,
352 307 401 357 p.
437 308 528 356 32;
573 291 764 350 Stehle,
805 292 976 341 Ueber
1015 290 1098 339 ein
1138 289 1521 339 Hildesheimer
1555 289 1921 353 Formelbuch,
1965 287 2323 353 Sigmaringcn

160 366 311 429 1878,
343 381 391 431 p.
426 382 657 431 34—-35,
688 367 787 414 No.
821 366 914 426 763
960 364 1020 414 cf.
1052 382 1100 430 p.
1134 364 1197 427 7).
2207 360 2323 408 646

232 458 381 508 1186
411 461 556 511 Febr.
598 480 636 523 1,
669 461 775 510 ind.
809 461 870 509 III
900 460 1015 523 (IV),
1046 472 1204 526 epact.
1236 461 1303 509 IX
1332 460 1591 523 (XXVIII).
1637 459 1865 523 Margati.
1895 487 1965 494 ——
1994 458 2322 517 Bertrandus,

150 534 396 584 dominus
426 536 656 600 Margati,
688 534 940 597 Rainaldi,
971 533 1203 597 ejusdem
1243 534 1444 583 domini
1484 536 1650 583 bonae
1691 533 1986 596 memoriae,
2017 532 2169 595 filius,
2201 549 2324 581 con—

148 626 303 658 sensu
319 610 613 659 Boamundi
630 610 708 671 III,
725 608 969 675 principis
981 608 1304 671 Antiochiae,
1321 608 1618 671 Raimundi,
1638 608 1840 657 comitis
1854 606 2098 673 Tripolis,
2116 622 2322 655 necnon

150 682 323 733 uxoris
351 700 471 732 suae
501 684 826 733 Bermundae
856 695 905 732 et
931 682 1144 746 Anterii,
1166 682 1405 732 Valeniae
1436 681 1679 747 episcopi,
1707 682 1963 747 Hospitali
1992 697 2082 746 per
2108 696 2325 730 manum

152 757 362 822 Rogerii
391 758 453 807 de
484 758 676 807 Molins
705 757 929 822 magistri
959 758 1054 806 sub
1086 773 1242 805 censu
1272 757 1482 805 annuali
1511 756 1549 804 ll
1570 756 1789 805 millium
1809 768 1857 804 et
1876 756 1966 805 CC
1985 754 2323 803 bisantiorum

147 847 239 898 per
264 847 481 881 manum
521 831 776 881 castellani
817 832 878 881 de
908 832 1061 881 Crato
1092 831 1144 880 in
1174 832 1299 880 urbe
1328 831 1557 897 Tripolis
1593 831 1980 893 solvendorum,
2011 829 2324 894 quibusdam

148 905 256 955 aliis
284 906 669 956 conditionibus
696 905 966 970 adjunctis,
997 904 1260 954 castellum
1283 906 1574 969 Margatum
1594 920 1714 953 cum
1743 903 2060 970 pertinentiis
2089 904 2326 952 concedit

151 991 200 1029 et
226 979 396 1044 sigillo
425 980 710 1029 confirmat.
740 1009 812 1014 —
840 980 1100 1043 Anterius,
1131 979 1404 1045 episcopus
1424 979 1683 1041 Valeniae,
1704 978 1873 1042 Falco,
1904 979 2056 1027 abbas
2085 977 2324 1026 ecclesiae

149 1054 199 1104 S.
231 1053 374 1103 Pauli
404 1055 786 1115 Antiochenae3
823 1055 885 1103 de
916 1054 1151 1103 fratribus
1180 1053 1486 1120 Hospitalis:
1519 1053 1774 1117 Rogerius
1803 1052 2057 1117 magister,
2088 1052 2325 1101 Burellus

147 1141 459 1195 praeceptor,
497 1130 790 1178 Bernardus
820 1129 975 1194 prior,
1016 1129 1196 1177 Petrus
1225 1129 1286 1177 de
1316 1128 1490 1190 Vallis,
1533 1127 1836 1177 castellanus
1866 1126 2020 1190 Crati,
2050 1126 2323 1188 Henricus,

147 1202 449 1253 castellanus
494 1202 724 1267 Margati,
772 1203 1028 1270 Rogerius
1072 1203 1134 1251 de
1174 1202 1313 1266 Liro,
1360 1201 1562 1266 bajulus
1607 1202 1795 1251 domus
1837 1201 2217 1262 Antiochenae3
2263 1201 2324 1249 de

148 1277 395 1327 militibus
425 1277 667 1342 Margati:
699 1277 991 1343 Stephanus
1010 1277 1247 1340 Raillant,
1268 1277 1533 1326 Bertrandi
1552 1277 1613 1326 de
1635 1277 1866 1340 Margato
1885 1275 2323 1339 consanguineus,

147 1351 438 1415 Amelinus,
455 1350 687 1415 ejusdem
703 1352 847 1401 castri
863 1350 1183 1415 castellanUS,
1201 1350 1421 1417 AcariaS,
1439 1351 1728 1414 Reinerius,
1745 1351 1767 1399 J
1773 1350 2047 1413 oscelinus,
2064 1351 2086 1399 J
2091 1350 2325 1398 ohannes

146 1426 369 1492 Templi.
389 1426 602 1476 Factum
617 1426 894 1489 Aimerico,
915 1425 1219 1475 Antiochiae
1238 1425 1534 1491 patriarcha,
1554 1441 1727 1475 coram
1747 1425 2009 1490 Stephano
2030 1424 2322 1487 Rotomagi,

146 1500 439 1550 Boamundi
458 1500 537 1565 III,
568 1500 813 1567 principis
831 1499 1153 1563 Antiochiae,
1182 1516 1338 1566 super
1365 1501 1464 1549 hoc
1487 1500 1697 1564 negotio
1721 1499 1923 1562 nuntiO,
1953 1511 2000 1548 et
2029 1500 2207 1548 datum
2235 1515 2326 1564 per

148 1591 362 1624 manum
391 1574 635 1641 praedicti
663 1575 929 1624 Bertrandi
958 1573 1117 1636 (Paoli
1146 1575 1180 1638 I,
1210 1591 1256 1640 p.
1278 1576 1511 1639 78—79,
1539 1575 1639 1624 No.
1662 1591 1757 1636 773
1790 1574 1917 1640 Rey,
1944 1568 2127 1637 Etude,
2148 1590 2195 1639 p.
2221 1590 2319 1637 255

149 1650 356 1714 —2643
400 1649 462 1698 cf.
494 1648 740 1698 Delaville
768 1649 814 1698 le
844 1648 1033 1713 Rmflx,
1063 1665 1112 1715 p.
1153 1650 1452 1714 158—160,
1483 1650 1583 1699 No.
1617 1648 1719 1714 64).
2208 1645 2322 1694 647

283 1791 313 1815 ,,
392 1753 540 1802 Febr.
585 1781 658 1787 -—
701 1753 1031 1802 Raimundus
1075 1754 1136 1801 de
1180 1752 1366 1815 Biblio,
1412 1752 1547 1802 filius
1591 1752 1861 1803 Guillelmi
1904 1751 2129 1812 Ebriaci,
2175 1751 2323 1800 Biblii

147 1828 417 1892 quondam
450 1827 669 1892 domini,
711 1844 920 1876 assensu
960 1827 1256 1876 Boamundi
1297 1827 1374 1890 III,
1416 1827 1661 1894 principis
1700 1826 2033 1889 Antiocheni,
2074 1826 2163 1875 filii
2204 1825 2324 1874 Rai-

148 1902 349 1966 mundi,
381 1903 547 1952 bonae
578 1902 857 1951 memoriae
887 1901 1147 1968 principis,
1189 1901 1392 1951 Sibillae
1422 1901 1767 1968 principissae,
1789 1917 2077 1966 eorumque
2096 1900 2321 1949 filiorum

146 1976 430 2026 Raimundi
467 1989 514 2025 et
551 1977 848 2026 Boamundi
888 1976 1143 2042 Hospitali
1171 1992 1262 2042 per
1290 1992 1507 2026 manum
1536 1975 1746 2041 Rogerii
1774 1977 1836 2025 de
1867 1976 2059 2025 Molins
2100 1974 2325 2038 magistri

147 2050 307 2100 casale
336 2051 399 2100 de
428 2052 732 2100 Messarkun
772 2067 893 2100 cum
932 2050 1252 2117 pertinentiis
1293 2063 1339 2099 et
1376 2050 1594 2115 villanis,
1637 2064 1847 2116 excepto
1887 2051 1933 2099 T
1938 2051 2095 2099 homa
2135 2050 2325 2098 villano

146 2123 362 2190 ejusque
391 2124 558 2188 fratre,
589 2125 824 2175 concedit
852 2138 900 2174 et
927 2125 1095 2190 sigillo
1131 2125 1429 2174 Boamundi
1459 2125 1703 2191 principis
1732 2124 2018 2174 confirmat.
2047 2152 2120 2159 —-
2147 2124 2325 2173 Aime-

146 2199 297 2263 ricus,
328 2199 601 2266 episcopus
629 2200 874 2266 Tripolis,
905 2199 1255 2249 Baldevuinus
1285 2200 1347 2248 de
1377 2200 1554 2265 Ibelin,
1584 2200 1857 2250 Bastardus
1886 2201 1948 2249 de
1980 2199 2164 2263 Molifi,
2195 2199 2317 2249 Ger-

145 2273 314 2324 vasius
343 2275 406 2324 de
436 2274 716 2339 Sarmenia,
747 2274 1020 2324 Richerius
1049 2275 1111 2323 de
1140 2274 1427 2338 Herminat,
1449 2274 1707 2324 Oliverius
1736 2274 2062 2337 camerarius,
2093 2274 2324 2322 Bartolo-

146 2365 339 2413 maeus,
359 2348 496 2399 filius
514 2349 730 2413 comitis,
750 2348 1064 2399 Guillelmus
1084 2349 1145 2398 de
1165 2349 1349 2412 Cavea,
1370 2349 1674 2398 Antiochiae
1695 2349 2049 2412 marescalcUS,
2070 2348 2325 2398 Galterius

146 2423 209 2472 de
249 2424 500 2488 Arcekan,
542 2424 836 2473 Bernardus
881 2423 1118 2473 Subiran.
1177 2424 1368 2472 Datum
1411 2440 1501 2490 per
1542 2440 1760 2473 manum
1803 2424 2015 2487 Alberti,
2057 2423 2325 2472 Tarsensis

145 2497 532 2564 archiepiscopi,
574 2498 775 2547 domini
804 2498 1049 2564 principis
1078 2498 1394 2547 Antiocheni
1428 2498 1714 2548 cancellarii
1754 2497 1911 2561 (Paoli
1942 2499 1976 2562 1,
2007 2515 2055 2564 p.
2089 2499 2323 2556 76-77,

146 2572 246 2622 No.
279 2573 374 2634 763
419 2573 480 2622 cf.
510 2589 557 2639 p.
597 2573 731 2637 508).
2209 2569 2325 2619 648

281 2706 311 2730 ,,
391 2669 554 2731 (Febr.
572 2670 623 2733 Ρ).
655 2668 978 2718 Antiochiae.
1000 2697 1071 2703 —-
1099 2669 1440 2718 Boamundus
1469 2669 1547 2733 III,
1578 2669 1815 2735 princeps
1836 2669 2156 2732 Antiochiae,
2188 2668 2323 2733 ejus—

145 2743 263 2792 dem
293 2743 538 2810 principis
567 2746 734 2793 bonae
763 2743 1044 2792 memoriae
1082 2743 1364 2793 Raimundi
1394 2742 1544 2807 filius,
1575 2744 1742 2808 sigillo
1773 2743 2057 2807 confirmat,
2088 2745 2324 2793 Bertran-

146 2818 290 2881 dum,
324 2818 580 2868 Rainaudi
610 2818 851 2868 Masoerii
879 2819 1045 2867 bonae
1074 2818 1370 2882 memoriae,
1402 2817 1602 2867 domini
1632 2818 1862 2883 Margati,
1894 2818 2076 2884 filium,
2107 2819 2324 2867 consilio

146 2904 193 2940 et
219 2909 431 2942 assensu
460 2892 721 2957 Aimerici,
763 2891 1076 2959 patriarchae
1116 2892 1449 2956 Antiocheni,
1492 2892 1694 2942 Sibillae
1736 2893 2067 2959 principissae
2110 2892 2324 2958 ejusque

145 2965 373 3016 filiorum
403 2967 685 3016 Raimundi
715 2979 763 3016 et
791 2966 1087 3016 Boamundi
1128 2965 1226 3030 jam
1270 2966 1489 3015 militum
1531 2984 1737 3016 necnon
1779 2967 2078 3030 Raimundi,
2121 2968 2321 3016 comitis

144 3040 389 3106 Tripolis,
419 3054 467 3090 et
495 3042 709 3105 Anterii,
751 3041 978 3107 episcopi
1018 3040 1279 3102 Valeniae,
1323 3041 1577 3107 Hospitali
1622 3058 1712 3108 per
1754 3058 1970 3091 manum
2011 3042 2219 3105 Rogerii
2262 3043 2322 3091 de

147 3114 339 3164 Molins
379 3115 605 3180 magistri
644 3115 895 3164 civitatem
926 3116 1166 3165 Valaniae
1197 3128 1244 3164 et
1272 3116 1535 3165 castellum
1578 3117 1808 3181 Margati,
1840 3133 1972 3181 quae
2004 3133 2121 3182 prae
2153 3116 2324 3164 nimiis

146 3189 381 3255 expensis
410 3202 457 3239 et
485 3189 644 3239 nimia
674 3189 964 3239 infidelium
993 3189 1244 3239 vicinitate
1285 3203 1456 3239 tenere
1497 3207 1606 3239 non
1647 3190 1820 3256 possit,
1860 3204 2117 3257 praeterea
2153 3204 2323 3240 autem

145 3263 411 3314 castellum
438 3263 645 3314 Brahim
674 3266 771 3314 sub
801 3280 958 3313 censu
989 3265 1027 3313 II
1058 3264 1277 3313 millium
1307 3277 1353 3313 et
1382 3265 1472 3314 CC
1501 3264 1843 3315 bisantiorum
1872 3266 2082 3314 annuali
2113 3281 2323 3314 conces-

145 3336 267 3387 sisse
295 3351 343 3387 et
370 3354 422 3387 se
450 3338 584 3388 hanc
611 3339 966 3388 venditionem
997 3338 1166 3404 (supra
1196 3339 1294 3388 No.
1328 3340 1430 3404 647
1474 3340 1827 3402 memoratam)
1869 3340 2165 3389 munivisse.
2223 3340 2321 3388 Sed

146 3411 311 3461 dictus
339 3412 576 3479 princeps
605 3413 789 3479 excipit
817 3412 977 3461 casale
1008 3418 1275 3475 Assenem,
1311 3414 1455 3478 quod
1486 3414 1767 3463 Rainaldus
1803 3414 1897 3479 ipsi
1928 3430 2021 3480 pro
2053 3415 2322 3462 novesimo

145 3486 208 3535 de
236 3503 288 3535 se
317 3499 366 3536 et
393 3486 695 3537 hominibus
723 3488 828 3537 suis
858 3488 1080 3550 dederat,
1125 3488 1310 3536 domos
1351 3488 1716 3552 AntiochenaS,
1759 3506 1886 3553 quas
1928 3489 2061 3537 idem
2093 3489 2323 3537 vendidit

144 3560 224 3609 vel
264 3561 488 3624 donavit,
524 3562 753 3626 furnum,
794 3578 951 3626 quem
994 3562 1131 3610 dedit
1161 3562 1367 3625 Vibino,
1383 3563 1415 3625 1)
1457 3576 1503 3611 ct
1543 3576 1725 3611 terram
1766 3564 1827 3612 de
1870 3563 2132 3620 Gereneis,
2164 3579 2320 3627 quam

145 3634 384 3701 princeps
412 3635 505 3684 sibi
546 3636 754 3697 retinet3
800 3637 923 3684 haec
965 3636 1140 3684 omnia
1181 3636 1433 3702 Hospitali
1474 3654 1526 3686 se
1567 3638 1806 3686 daturum
1850 3655 1974 3699 csse,
2017 3638 2054 3685 si
2086 3637 2320 3700 religioni

146 3708 264 3758 dare
292 3709 425 3773 velit,
457 3722 503 3758 et
531 3710 570 3758 si
599 3711 830 3773 seculari,
861 3711 1089 3759 eundem
1119 3709 1250 3758 dicta
1280 3711 1340 3759 de
1374 3712 1623 3777 Hospitali
1658 3725 1830 3760 tencre
1861 3712 2059 3762 debere.
2106 3712 2177 3759 Dc
2209 3727 2320 3776 per-

145 3781 371 3832 tinentiis
414 3800 534 3833 vero
579 3785 793 3848 Margati
837 3784 1089 3850 Hospitali
1134 3784 1372 3852 princeps
1414 3785 1587 3835 laudat
1626 3799 1671 3835 ct
1716 3786 1979 3834 concedit:
2026 3786 2320 3836 Cadcmois.

272 3871 315 3950 1)Π
336 3871 558 3941 „emme
582 3897 624 3941 lc
648 3897 800 3941 Roulx
824 3896 959 3955 legit:
984 3897 1171 3942 Jubino.
