2684 4244
919 171 1050 229 regni
1074 171 1509 231 Hierosolymitani.
2264 170 2320 229 87

146 341 384 406 Josaphat
412 342 643 389 abbatem
673 354 719 389 et
748 353 1056 389 conventum
1086 340 1162 388 vel
1192 355 1371 388 eorum
1391 353 1772 405 procuratorem
1794 340 1844 388 in
1863 339 2182 405 corporalem
2201 355 2320 406 pos-

146 415 423 464 sessionem
454 415 530 462 vel
560 415 703 479 quasi
732 414 1045 463 decimarum
1085 414 1327 462 casalium
1368 414 1741 479 praedictorum
1781 414 1986 462 inducat
2015 412 2148 476 juxta
2176 427 2318 463 teno-

146 504 252 538 rem
283 501 329 537 et
358 488 573 537 formam
603 489 878 538 sententiae
910 489 1033 537 latae
1050 486 1086 552 1)
1128 484 1327 553 (Revue
1372 488 1433 536 de
1462 487 1679 536 l'Orient
1707 489 1787 536 lat.
1821 488 1922 550 VII,
1953 505 1998 553 p.
2038 489 2318 549 188—189

147 562 200 611 in
227 562 325 612 No.
355 562 456 626 80).
2147 559 2321 608 1323a

301 631 329 687 ¹)
354 630 426 675 Cf.
451 631 547 675 RH.
572 631 662 676 No.
696 646 818 689 1323.

295 748 327 772 „
404 710 544 760 Febr.
575 727 657 775 23.
687 711 844 775 Legio
872 724 922 759 et
950 711 1220 760 Tannoch.
1261 738 1330 744 -—
1372 710 1625 765 Albertus,
1655 711 1792 776 prior
1821 709 1870 760 S.
1898 710 2085 759 Mariae
2117 710 2318 758 Latinae

149 785 477 846 Acconensis,
507 802 559 833 in
588 785 868 850 praesentia
898 784 1095 834 Girardi
1140 784 1319 833 notarii
1366 785 1555 849 publici
1597 797 1643 832 et
1681 785 1886 833 testium
1914 784 2321 848 subscriptorum

147 858 429 920 confirmat,
456 875 525 921 se,
556 873 610 908 ut
640 860 939 907 mandatum
967 858 1316 923 supradictum
1337 871 1631 923 exequatur,
1661 859 1960 924 magistrum
1978 858 2321 921 Hugolinum,

147 945 528 999 procuratorem
559 933 687 981 Petri
718 933 909 982 abbatis
939 933 989 981 S.
1017 932 1204 981 Mariae
1234 932 1296 980 de
1325 933 1453 981 valle
1481 933 1737 997 Josapbat,
1777 932 2095 997 Stephanum
2136 944 2181 980 et
2210 932 2321 980 Du-

146 1007 380 1069 randum,
424 1005 654 1069 ejusdem
698 1021 983 1055 conventus
1019 1006 1215 1069 fratres,
1260 1021 1430 1054 coram
1476 1007 1730 1069 Johanne,
1772 1006 1819 1054 S.
1861 1005 2112 1054 Samuelis
2153 1005 2214 1054 O.
2246 1006 2321 1055 Pr.

145 1083 338 1138 abbate,
366 1081 607 1144 magistro
635 1081 842 1143 Jacobo,
870 1080 1122 1129 canonico
1152 1080 1408 1146 Lyddensi
1454 1093 1500 1129 et
1546 1097 1703 1146 papae
1732 1079 1931 1141 clerico,
1958 1079 2200 1143 magistro
2229 1079 2321 1128 Ni-

146 1155 292 1204 colao
322 1155 536 1218 notario,
565 1155 814 1218 Johanne,
843 1155 1075 1203 scribano
1104 1154 1293 1203 domus
1322 1154 1513 1203 Montis
1530 1155 1689 1220 Syon,
1717 1154 1949 1203 Johanne
1980 1150 2039 1201 de
2061 1153 2258 1202 Parisiis
2277 1166 2323 1202 et

146 1228 377 1295 pluribus
421 1228 528 1278 aliis
571 1229 781 1278 testibus
823 1228 874 1277 in
918 1228 1234 1294 corporalem
1278 1229 1653 1294 possessionem
1701 1228 1779 1277 vel
1819 1228 1968 1293 quasi
2011 1228 2321 1294 percipiendi

145 1302 365 1352 decimas
394 1303 637 1352 casalium
668 1303 850 1367 Ligion
879 1315 926 1351 et
952 1303 1209 1351 Tannoch
1239 1302 1512 1353 reduxisse.
1546 1332 1599 1336 —-
1643 1301 1886 1352 Girardus
1909 1303 2182 1364 Bonisano,
2203 1318 2322 1350 auc-

144 1376 339 1426 toritate
386 1376 649 1426 Romanae
694 1377 945 1426 Ecclesiae
990 1375 1140 1440 judex
1185 1388 1232 1425 et
1274 1376 1501 1426 notarius
1544 1378 1796 1442 publicus,
1837 1378 2071 1442 precibus
2114 1377 2322 1438 Alberti,

145 1450 416 1517 supradicti
433 1451 627 1516 prioris,
656 1451 850 1516 scripsit
878 1449 1093 1516 ejusque
1123 1450 1291 1515 sigillo
1310 1451 1530 1500 munivit
1558 1449 1756 1517 (Revue
1788 1453 1848 1500 de
1878 1451 2095 1500 l'Orient
2122 1450 2202 1499 lat.
2223 1451 2322 1513 Vll,

146 1541 194 1591 p.
231 1525 532 1588 188—190,
562 1525 661 1575 No.
692 1525 790 1586 80).
2149 1520 2323 1572 1323b

296 1636 324 1661 ‚,
401 1599 545 1648 Mart.
578 1616 621 1664 3.
656 1604 844 1649 Accon.
896 1627 966 1634 ——-
1022 1599 1210 1649 Charta
1266 1599 1471 1648 Radulfi
1517 1600 1578 1649 de
1622 1601 1808 1665 Beryto
1862 1599 1915 1648 in
1956 1601 2022 1649 D.
2066 1598 2200 1649 Cart.
2245 1599 2320 1659 111,

145 1690 193 1740 p.
230 1674 529 1738 135—136,
560 1673 657 1724 No.
694 1686 861 1738 3213:
901 1674 1050 1723 1266.
2176 1671 2323 1721 1324

293 1784 320 1810 „
396 1746 540 1812 April
566 1764 615 1810 4.
644 1752 836 1797 Accon.
875 1776 947 1782 -—
985 1747 1212 1812 Epistola
1253 1748 1508 1810 Thomae,
1551 1748 1773 1814 episcopi
1816 1747 2230 1810 Bethlemitani,1)
2276 1761 2323 1796 et

143 1821 365 1888 Templi,
412 1821 687 1887 Hospitalis
731 1834 777 1870 et
818 1822 1267 1871 Theutonicorum
1315 1822 1675 1886 magistrorum
1719 1823 1771 1871 in
1803 1822 1861 1871 D.
1890 1822 2024 1871 Cart.
2053 1822 2128 1883 III,
2156 1839 2204 1888 p.
2234 1822 2320 1885 69,

147 1895 245 1946 No.
277 1911 433 1962 3059.
2175 1895 2323 1944 1325

298 1968 331 2020 ¹)
355 1965 406 2008 In
431 1966 652 2023 Layettes
677 1965 739 2008 du
764 1963 917 2008 tre'sor
940 1965 1022 2009 des
1054 1965 1236 2009 chartes
1262 1966 1341 2015 IV,
1365 1980 1409 2023 p.
1433 1981 1503 2022 71,
1540 1967 1631 2011 No.
1654 1965 1769 2023 4865
1809 1976 2029 2023 excerpta
2066 1976 2137 2009 est
2160 1965 2323 2009 charta

144 2024 365 2127 Thofrnae
387 2023 658 2082 supradicti,
683 2039 792 2082 qua,
809 2025 1082 2082 Guigonem
1100 2025 1381 2069 Aucardum
1408 2025 1443 2068 II
1468 2040 1621 2070 annos
1645 2025 1690 2069 in
1715 2027 1863 2069 Terra
1887 2024 2059 2069 Sancta
2084 2024 2323 2081 militasse,

145 2097 238 2128 con
276 2095 416 2127 rmar.

254 2159 257 2162 ’
292 2186 322 2212 ,,
401 2146 516 2210 Maj.
550 2159 635 2213 31.
659 2148 813 2213 Apud
845 2147 1036 2197 Urbem
1066 2161 1304 2199 veterem.
1335 2176 1407 2182 —-
1439 2149 1678 2199 Urbanus
1697 2149 1762 2197 IV
1793 2144 2098 2216 G(uillelmo
2128 2144 2202 2215 ΙΙ),
2236 2165 2324 2213 pa-

142 2222 388 2271 triarchae
431 2222 921 2288 Hierosolymitano,
965 2222 1214 2280 concedit,
1256 2236 1311 2271 ut
1355 2223 1416 2271 de
1462 2223 1509 2273 S.
1539 2223 1739 2285 Aegidii
1785 2223 1992 2272 ecclesia
2021 2223 2323 2285 Acconensi,

144 2296 403 2363 capellano
431 2309 623 2345 rectore
654 2299 716 2345 de
744 2296 903 2362 ipsius
932 2297 1141 2346 cedente
1171 2298 1245 2345 vel
1276 2297 1569 2358 decedente,
1599 2298 1756 2346 libere
1787 2297 1988 2346 ordinet
2006 2310 2053 2346 et
2071 2297 2323 2362 disponat.

144 2370 384 2436 Magister
412 2371 550 2420 enim
583 2371 738 2430 Felix,
785 2371 1077 2437 capellanus
1121 2387 1298 2437 papae,
1344 2371 1531 2420 dictam
1575 2371 1860 2434 ecclesiam,
1901 2388 2032 2436 quae
2077 2371 2140 2419 ad
2170 2371 2321 2420 colla-

143 2445 336 2494 tionem
383 2445 694 2494 Acconensis
738 2445 965 2511 episcopi
1021 2445 1282 2494 dicebatur
1336 2446 1602 2510 pertinere,
1647 2462 1734 2512 per
1778 2442 2159 2513 F(lorentium)‚
2200 2459 2322 2494 tunc

143 2519 444 2586 episcopum
474 2523 831 2568 Acconensem
862 2518 1099 2582 electum,
1131 2520 1374 2568 canonice
1395 2533 1674 2584 assecutus,
1705 2521 1791 2569 sed
1824 2520 1979 2586 paulo
2009 2533 2121 2585 post
2148 2520 2325 2568 multi-

142 2593 337 2660 pliciter
354 2594 650 2642 molestatus
669 2593 780 2651 fuit,
801 2594 890 2659 qui
910 2594 1098 2644 scilicet
1116 2595 1329 2643 eandem
1351 2594 1612 2644 ecclesiam
1632 2595 1691 2643 de
1715 2595 1843 2644 facto
1861 2594 2103 2658 magistro
2117 2594 2324 2656 Jacobo,

144 2668 372 2733 scriptori
402 2683 576 2734 papae,
605 2668 821 2717 contulit
848 2681 895 2716 et
924 2668 1280 2732 hospitalarios
1310 2669 1535 2717 eundem
1566 2669 1836 2718 defendere
1867 2668 2023 2731 jussit,
2053 2684 2159 2732 quo
2191 2667 2322 2717 facto

142 2742 279 2791 idem
308 2741 444 2792 Felix
471 2741 809 2808 appellatione
849 2743 910 2791 ad
940 2742 1122 2791 Sedem
1155 2743 1505 2808 Apostolicam
1546 2742 1671 2792 facta
1700 2743 1963 2792 ecclesiam
2006 2743 2247 2806 magistro
2277 2754 2324 2790 et

146 2816 379 2865 fratribus
394 2816 601 2883 Templi
618 2818 712 2866 sub
732 2818 955 2881 quadam
976 2833 1146 2865 annua
1167 2817 1415 2882 pensione
1435 2818 1826 2876 commendavit,
1855 2817 1943 2882 qui
1964 2816 2236 2866 Alexandri
2257 2817 2322 2866 IV

146 2891 546 2956 praedecessoris
574 2891 867 2940 auctoritate
897 2892 950 2939 in
977 2908 1101 2940 usus
1130 2892 1364 2957 proprios
1392 2891 1485 2939 sibi
1516 2891 1855 2941 vindicarunt.
1888 2892 1993 2940 Has
2021 2891 2172 2956 igitur
2201 2907 2319 2939 con-

146 2964 397 3015 cessiones
426 2978 474 3014 et
501 2965 863 3031 applicationes
893 2981 1092 3014 cassans
1120 2982 1267 3031 papa,
1298 2978 1354 3014 ut
1382 2982 1533 3031 supra
1554 2966 1747 3015 dictum
1767 2979 1853 3021 est,
1880 2966 1984 3014 fieri
2014 2964 2152 3029 jubet
2171 2964 2319 3030 (Reg.

146 3038 339 3088 Urbani
369 3039 433 3088 1V
459 3039 513 3088 in
541 3040 624 3088 No
678 3035 867 3107 193)¹).
2151 3037 2323 3086 13268

294 3110 323 3160 ¹)
348 3107 420 3152 Cf.
444 3123 585 3166 supra
610 3109 695 3153 No.
729 3111 876 3166 1260&

294 3211 323 3232 „
401 3173 539 3238 Sept.
571 3175 617 3224 8.
643 3201 715 3208 —-
744 3173 982 3222 Balianus
1011 3173 1071 3221 de
1102 3173 1315 3237 Ibelino,
1349 3173 1594 3223 dominus
1624 3174 1819 3231 Arsuri,
1850 3173 2098 3238 Hospitali
2131 3189 2321 3237 poenas

147 3241 480 3311 pecuniarias,
518 3247 707 3313 quibus
736 3248 932 3296 incolae
977 3247 1194 3296 dominii
1224 3248 1419 3296 Arsurii
1438 3246 1474 3310 ¹)
1519 3249 1688 3313 aliqua
1731 3250 1791 3297 de
1837 3265 1984 3298 causa
2030 3248 2321 3304 multentur,

147 3320 306 3369 donat
333 3333 380 3369 et
433 3322 668 3372 concedit
709 3320 792 3387 (D.
822 3321 955 3371 Cart.
984 3321 1057 3384 ΙΙΙ,
1088 3339 1133 3387 p.
1164 3338 1398 3386 74—75,
1445 3322 1542 3372 No.
1576 3339 1742 3388 3o7i;
1790 3323 1980 3372 Invent.
2010 3340 2056 3387 p.
2087 3322 2319 3384 08—90,

147 3394 246 3444 No.
278 3390 420 3460 331).
2151 3394 2321 3442 132922

299 3464 330 3522 ¹)
356 3464 496 3519 Quod
519 3465 740 3509 Balianus
766 3464 985 3508 fratribus
1011 3464 1268 3522 Hospitalis
1292 3465 1567 3510 vendiderat
1591 3466 1667 3517 (cf.
1693 3481 1838 3524 supra
1861 3467 1948 3510 No.
1985 3481 2027 3523 ¹3
2045 3482 2051 3508 ι
2068 3471 2144 3523 3³¹).

295 3581 324 3604 „
402 3542 533 3611 Sept.
567 3561 646 3610 30.
675 3550 868 3594 Accon.
900 3572 963 3578 —
999 3544 1191 3593 Statuta
1219 3544 1268 3592 in
1299 3546 1520 3610 capitulo
1542 3546 1817 3612 Hospitalis
1837 3549 1896 3595 ab
1920 3547 2144 3611 Hugone
2167 3546 2322 3594 Revel

147 3617 466 3682 promulgata
496 3615 578 3683 (D.
607 3619 740 3668 Cart.
771 3619 845 3676 ΙΙΙ,
876 3635 921 3684 p.
952 3635 1185 3682 75—77,
1213 3619 1313 3668 No.
1344 3617 1521 3684 3075).
2151 3615 2322 3666 1329b

296 3729 324 3753 „
401 3692 530 3743 Nov.
564 3710 642 3757 29.
691 3692 842 3758 Apud
874 3692 1061 3741 Urbem
1097 3693 1344 3743 Veterem.
1390 3722 1461 3728 —-
1507 3694 1747 3743 Urbanus
1794 3694 1857 3742 IV
1904 3694 2321 3756 controversiam,

148 3780 280 3829 quae
294 3764 420 3814 inter
435 3764 822 3830 (Guillelmum),
842 3766 1140 3832 episcopum
1167 3768 1585 3831 Anteradensem,
1606 3768 1804 3817 fratrem
1825 3769 2021 3816 ordinis
2044 3768 2321 3823 Minorum,

148 3836 364 3903 ejusque
393 3840 670 3905 capitulum
700 3858 758 3890 ex
787 3857 887 3889 una
917 3854 1054 3906 parte
1098 3854 1144 3890 et
1185 3854 1481 3892 executores
1523 3842 1803 3891 testamenti
1835 3840 2131 3904 G(uillelmi,
2162 3842 2321 3891 fratris

148 3912 554 3963 Praedicatorum
595 3911 662 3981 et)
702 3915 1105 3979 praedecessoris
1146 3915 1373 3981 episcopi
1405 3918 1788 3978 Anteradensis,
1829 3934 1886 3965 ex
1915 3917 2062 3964 altera
2094 3929 2230 3981 parte
2260 3917 2319 3964 de
