2684 4244
902 126 1033 186 regni
1055 127 1488 188 Hierosolymitani,
2177 154 2200 196 χ
2215 153 2236 201 5
2251 152 2274 202 3

109 316 163 366 in
191 316 236 365 V
264 332 467 366 menses
496 317 557 366 ad
587 316 942 367 defensionem
973 318 1195 367 Acconis
1234 318 1470 367 tenendis
1500 332 1757 369 mutuatae
1787 336 1876 385 per
1903 319 2278 369 thesaurarium

110 389 447 440 Parisiensem
476 392 858 455 mercatoribus,
890 392 979 457 qui
1009 405 1381 458 mutuaverant,
1423 394 1717 458 reddantur,
1760 394 1971 460 insuper
2010 395 2275 449 desiderat,

109 476 164 514 ut
181 463 311 513 inter
329 465 555 515 Venetos
574 478 623 515 et
639 467 921 515 Januenses
940 483 1036 532 pax
1054 466 1152 531 fiat,
1183 480 1237 516 ut
1266 483 1514 532 pauperes
1543 484 1599 516 ac
1628 468 1819 517 debiles
1848 486 1874 517 a
1902 469 2278 518 transfretando

107 537 438 603 retineantur,
482 556 568 588 rex
609 557 730 590 vero
775 539 972 590 Siciliae
1014 541 1079 591 VI
1117 540 1284 605 galeas
1324 541 1377 589 in
1418 542 1644 607 partibus
1683 543 2034 592 transmarinis
2080 544 2276 606 habeat,

108 611 335 678 denique
364 614 603 679 postulat,
636 626 690 664 ut
719 614 945 664 decimae
975 614 1118 679 regni
1147 615 1324 681 Cyprii
1353 616 1414 664 ad
1444 617 1625 665 urbem
1646 621 1910 666 Acconem
1939 617 2279 666 muniendam

108 698 155 734 et
191 686 570 737 defendendam
613 689 926 755 deputentur
965 705 1130 754 usque
1171 684 1233 738 ad
1272 689 1508 754 generale
1550 690 1856 755 passagium,
1896 691 2118 740 munitio
2157 707 2278 739 vero

107 759 296 809 castelli
313 762 603 828 Joppensis,
640 779 797 828 quam
826 763 1106 829 patriarcha
1135 763 1242 829 ipse
1272 764 1541 829 inceperat,
1570 765 1888 830 compleatur
1916 778 1963 814 et
1991 765 2280 831 perficiatur

107 846 154 883 et
181 835 473 901 passagium
501 837 735 901 generale
775 837 1082 887 acceleretur
1121 837 1264 899 (Bibl.
1296 840 1357 886 de
1386 838 1564 887 l'ecole
1595 839 1642 888 d.
1674 839 1867 888 chastes
1907 841 2058 904 1858,
2090 856 2138 905 p.
2174 856 2268 903 291

106 924 305 975 -293,
335 911 434 960 No.
472 927 525 976 53
558 910 618 960 cf.
649 928 696 977 p.
729 928 1009 976 290-291
1036 926 1046 972 ;
1090 913 1167 961 De
1197 913 1307 961 Mas
1335 912 1518 977 Latrie,
1548 913 1677 962 Hist.
1699 914 1760 962 de
1789 914 1892 962 l’ile
1911 914 1973 962 de
1994 915 2200 980 Chypre
2221 914 2277 972 II,

107 998 156 1048 p.
188 985 438 1048 71—72).
2133 985 2277 1034 1347

181 1078 378 1144 (1267)
408 1079 527 1145 Maj.
561 1097 643 1135 27.
686 1085 864 1130 Accon
894 1081 1119 1147 (gallice).
1149 1109 1220 1116 ——
1249 1082 1545 1132 Guillaume
1575 1082 1630 1146 II,
1660 1082 1941 1148 patriarcha
1976 1083 2280 1149 Hierosoly—

106 1154 332 1205 mitanus
372 1168 419 1204 et
458 1155 507 1205 S.
538 1159 600 1205 A.
642 1156 853 1220 legatus,
891 1155 1123 1205 Thomas
1161 1157 1349 1219 Berart,
1392 1157 1584 1220 Hugue
1625 1157 1799 1222 Revel,
1840 1161 2011 1221 Aune,
2052 1158 2278 1223 Templi,

106 1228 387 1296 Hospitalis
430 1242 478 1279 et
518 1230 972 1279 Theutonicorum
1018 1230 1259 1295 magistri,
1303 1231 1513 1297 Jeofroy
1556 1231 1618 1280 de
1663 1231 1917 1298 Sergines,
1962 1233 2280 1281 senescalcus

107 1304 251 1368 regni
290 1304 765 1371 Hierosolymitani,
803 1304 1111 1354 Theobaldo
1151 1304 1458 1369 (Thiebaut),
1500 1306 1607 1370 regi
1646 1306 1898 1355 Navarrae
1939 1319 1986 1355 et
2014 1306 2188 1355 comiti
2218 1307 2279 1355 de

107 1376 406 1445 Campania,
437 1379 682 1443 scribunt,
724 1379 1001 1428 soldanum
1031 1380 1251 1445 Aegypti
1293 1396 1469 1428 mense
1511 1379 1633 1444 Maji
1672 1381 1889 1446 planum
1928 1381 2150 1430 Acconis
2192 1381 2279 1430 de-

106 1452 375 1502 vastavisse
404 1465 451 1502 et
478 1453 599 1502 inde
626 1469 804 1502 versus
824 1452 1014 1518 Saphet
1042 1454 1238 1518 abiisse,
1254 1454 1286 1516 l)
1317 1468 1363 1503 et
1391 1467 1677 1520 exponunt,
1699 1471 1855 1520 quare
1874 1455 2083 1520 Hugue,
2106 1472 2280 1505 comes

107 1526 170 1577 de
212 1527 414 1591 Briene,
455 1527 517 1576 III
555 1544 721 1577 annos
761 1527 813 1576 in
851 1528 1010 1576 Terra
1051 1527 1232 1577 Sancta
1275 1542 1504 1578 moratus
1547 1529 1770 1578 reditum
1814 1546 1971 1578 suum
2014 1530 2278 1594 distulerit,

109 1602 346 1667 quamvis
386 1601 548 1651 fratris
587 1602 667 1651 sui
707 1600 914 1665 majoris
953 1602 1119 1651 Johan
1160 1603 1222 1651 de
1252 1603 1472 1652 Brienne
1512 1616 1732 1653 mortem
1761 1603 2003 1665 audierit;
2050 1604 2280 1670 primum

107 1676 248 1725 enim
277 1676 366 1726 diu
395 1689 698 1742 aegrotasse,
740 1676 925 1725 deinde
958 1677 1119 1726 varias
1148 1679 1380 1742 querelas
1409 1695 1529 1728 cum
1557 1678 1816 1728 avunculo
1845 1695 1941 1727 suo
1972 1679 2189 1742 Hugues
2218 1679 2280 1727 de

108 1750 387 1815 Lezignan,
433 1750 619 1801 ballivo
664 1751 809 1815 regni
852 1750 1346 1818 Hierosolymitano,
1392 1753 1455 1801 de
1496 1752 1682 1802 eodem
1725 1769 1942 1802 munere
1981 1753 2279 1819 accipiendo

107 1824 411 1891 habuisse,2)
452 1825 695 1890 denique,
727 1841 893 1890 quum
922 1826 1098 1892 Cypro
1127 1843 1304 1875 mense
1334 1827 1523 1893 Aprilis
1551 1827 1774 1876 reditum
1802 1827 2065 1893 paraverit,
2103 1828 2165 1876 de
2196 1845 2280 1876 ex-

106 1899 369 1966 peditione
398 1916 426 1948 a
453 1900 672 1949 soldano
702 1899 754 1948 in
783 1912 968 1948 terram
1008 1901 1229 1950 Acconis
1270 1901 1395 1950 facta
1435 1901 1691 1951 audivisse
1719 1919 1775 1951 ac
1803 1902 1986 1966 statim,
2030 1915 2085 1951 ut
2112 1902 2280 1951 eidem

106 1973 289 2023 civitati
316 1987 649 2037 succurreret,
670 1978 934 2023 Acconem
953 1974 1162 2024 rediisse
1192 1975 1456 2040 (Martene,
1486 1977 1739 2025 Thesaur.
1761 1976 1794 2040 I,
1815 1993 1863 2042 p.
1895 1993 2277 2041 1013-——10143

106 2048 267 2113 paoli,
294 2048 487 2099 Codice
517 2049 552 2113 I,
583 2065 632 2114 p.
657 2050 777 2114 326,
798 2049 898 2098 No.
919 2050 1017 2113 463
1050 2049 1111 2098 cf.
1133 2050 1388 2100 D'Arbois
1408 2052 1470 2099 de
1489 2050 1812 2115 Jubainville,
1832 2051 1963 2101 Hist.
1985 2051 2032 2100 d.
2054 2052 2180 2100 ducs
2196 2052 2278 2116 VI,

107 2139 154 2189 p.
186 2139 270 2188 21,
299 2123 400 2173 No.
435 2139 603 2188 34073
649 2123 777 2172 Bibl.
810 2123 871 2172 de
900 2123 1080 2173 l'e'cole
1109 2124 1157 2173 d.
1189 2125 1383 2174 chastes
1422 2127 1573 2189 1872,
1602 2142 1651 2191 p.
1692 2143 1807 2190 177,
1839 2126 1938 2175 No,
1980 2127 2104 2190 185;
2149 2125 2278 2174 Hist.

104 2197 195 2247 litt.
227 2198 289 2247 de
316 2198 364 2247 la
391 2197 586 2247 France
613 2198 747 2261 XXI,
789 2214 838 2263 p.
872 2199 971 2262 805
991 2199 1217 2262 —8o7).
1248 2195 1260 2267 Η
1297 2199 1500 2249 Similes
1541 2200 1778 2266 epistolas
1815 2200 2178 2249 transmarinas
2219 2201 2280 2248 de

107 2271 309 2322 miseria
347 2272 537 2321 Terrae
578 2272 790 2322 Sanctae
831 2289 973 2322 nunc
1012 2273 1221 2322 amissas
1251 2274 1495 2323 Clemens
1524 2275 1590 2324 IV
1619 2274 1865 2340 excerpsit
1902 2276 2031 2340 1263
2052 2302 2123 2310 —-
2148 2276 2278 2327 1267

106 2345 487 2411 (Potthast,N0.
518 2348 715 2412 18624,
746 2348 941 2411 19169,
972 2349 1168 2412 19287,
1200 2365 1618 2414 19295,19795,
1649 2351 1843 2414 19823,
1884 2347 2283 2413 19919).1348

230 2433 264 2487 ¹)
298 2430 371 2475 Cf.
395 2431 623 2475 Ro‘hricht
646 2430 693 2475 in
715 2431 942 2476 Archives
965 2432 1001 2475 II
1017 2433 1073 2489 A,
1097 2447 1140 2491 p.
1166 2432 1263 2491 388.
1391 2434 1423 2491 2)
1460 2434 1643 2490 Gestes,
1666 2447 1710 2490 p.
1743 2432 1835 2492 187.

255 2563 284 2589 ,,
363 2526 480 2576 Jun.
512 2543 559 2590 9.
595 2525 825 2575 Viterbii.
856 2555 927 2560 ——
955 2527 1198 2576 Clemens
1227 2527 1294 2576 IV
1323 2527 1623 2589 (Guillelmo
1652 2528 1725 2591 ΙΙ),
1755 2527 2065 2593 patriarchae
2096 2528 2282 2577 Hiero-

106 2599 418 2667 solymitano
442 2616 499 2650 ac
528 2600 578 2650 S.
599 2604 660 2649 A.
681 2601 865 2666 legatO,
887 2602 1111 2665 mandat,
1131 2613 1188 2650 ut
1206 2617 1405 2666 omnes,
1426 2603 1514 2667 qui
1535 2602 1769 2651 fratribus
1789 2603 1843 2651 B.
1866 2602 2055 2651 Mariae
2075 2603 2136 2651 de
2155 2603 2282 2651 vallc

107 2675 348 2742 Josaphat
385 2675 632 2740 redditus,
674 2691 873 2739 census,
915 2675 1154 2739 decimas,
1195 2689 1366 2740 terras,
1408 2676 1518 2740 jura
1558 2689 1606 2726 et
1645 2676 1740 2726 alia
1779 2678 1915 2726 bona
1955 2678 2208 2726 occultare
2239 2690 2284 2726 et

108 2748 306 2799 occulte
321 2749 548 2799 detinere
564 2763 908 2816 praesumant,
926 2751 1340 2800 excommunicet
1356 2752 1678 2816 (Delaborde,
1694 2768 1771 2817 p.1
1796 2752 1986 2816 19,Νο.
2009 2752 2107 2817 58).
2136 2750 2284 2799 1349

257 2884 288 2909 ,,
366 2848 482 2897 Jun.
519 2848 601 2897 28.
645 2850 838 2897 Accon.
869 2876 940 2882 --
970 2846 1283 2897 Guillelmus
1312 2848 1365 2912 ΙΙ,
1398 2847 1678 2914 patriarcha
1697 2848 2201 2914 Hierosolymitanus
2231 2866 2285 2897 ac

109 2921 158 2971 S.
171 2924 232 2971 A.
252 2921 704 2986 legatus,Thomas
722 2921 945 2986 Berardi,
959 2922 1183 2988 Templi,
1201 2922 1359 2986 Hugo
1379 2922 1554 2986 Revel,
1571 2923 1868 2989 Hospitalis,
1885 2923 2126 2987 magistri,
2143 2924 2283 2973 Gau—

110 2995 270 3046 fridus
288 2995 349 3046 de
369 2995 609 3062 Sarginis,
639 2997 957 3046 senescalcus
977 2997 1121 3062 regni
1140 2997 1615 3063 Hierosolymitani,
1637 3010 1683 3046 et
1700 2998 1923 3047 Erardus
1943 2998 2004 3047 de
2020 2998 2284 3047 Valeriaco

110 3069 271 3135 miles,
291 3087 343 3120 se
363 3087 515 3137 supra
536 3070 651 3134 (No.
670 3071 819 3137 1343)
840 3071 995 3120 dictas
1015 3071 1279 3121 cautiones
1298 3071 1551 3121 Ludovici
1570 3072 1638 3121 IX
1655 3072 1788 3137 regis
1806 3073 1990 3121 vidisse
2011 3086 2057 3121 et
2085 3073 2282 3138 legisse,

108 3143 287 3194 litteris
314 3145 418 3194 suis
447 3145 757 3195 confirmant
786 3145 930 3208 (Bibl.
963 3146 1023 3194 de
1053 3145 1232 3195 l'e‘cole
1253 3146 1300 3195 d.
1322 3147 1518 3195 chartes
1547 3148 1697 3211 1858,
1719 3163 1767 3213 p.
1792 3148 2092 3206 126μ128,
2113 3149 2212 3196 No,
2239 3164 2282 3211 3ς

109 3218 356 3268 Archives
375 3219 437 3269 de
454 3219 677 3269 l’Orient
704 3219 829 3269 latin
858 3220 968 3284 IIB,
1000 3237 1047 3286 p.
1073 3237 1378 3285 210—212,
1409 3222 1506 3270 No.
1539 3238 1577 3283 13
1610 3221 1669 3270 cf.
1702 3222 1741 3270 ΙΙ
1757 3225 1817 3286 A,
1846 3239 1894 3288 p.
1921 3224 2040 3286 381,
2073 3235 2178 3270 not.
2199 3223 2282 3277 oth

110 3293 173 3342 de
202 3292 371 3359 sigillo
398 3293 633 3344 Gaufridi
665 3295 726 3344 de
758 3295 994 3359 Sargines
1023 3295 1336 3361 appendenti
1366 3295 1425 3345 cf.
1458 3297 1630 3345 Dou'e't
1660 3296 1869 3361 d'Arcq,
1900 3298 1999 3346 No.
2031 3315 2043 3345 1
2070 3315 2080 3345 1
2106 3297 2207 3345 Sos)
2240 3309 2285 3344 ct

110 3367 174 3417 G.
206 3366 602 3433 Schlumberger
630 3369 684 3418 in
712 3370 783 3418 Le
815 3370 993 3418 Musc‘e
1023 3370 1243 3419 arche'ol.
1276 3370 1330 3435 11,
1362 3387 1410 3436 p.
1446 3387 1753 3436 334-337,
1785 3372 1884 3420 No.
1921 3371 2020 3436 3ο).
2139 3369 2286 3417 1350

259 3503 289 3528 ,,
365 3465 483 3515 Jun.
518 3467 600 3516 28.
644 3469 839 3516 Accon.
890 3496 947 3500 —
994 3465 1306 3516 Guillelmus
1341 3467 1396 3530 ΙΙ,
1438 3468 1721 3533 patriarcha
1761 3468 2284 3534 Hierosolymitanus,

112 3539 378 3589 Ludovico
422 3539 506 3604 IX,
547 3540 652 3604 regi
694 3540 952 3601 Franciae,
995 3540 1179 3604 scribit,
1222 3558 1273 3590 se
1315 3540 1546 3605 ejusdcm
1582 3542 1689 3591 VIII
1730 3542 1896 3591 literas
1936 3559 2088 3607 supra
2129 3542 2286 3590 dictas

110 3613 390 3679 inspexisse
431 3631 714 3680 earumque
750 3616 1046 3664 auctoritate
1090 3632 1336 3678 summaS,
1371 3633 1502 3681 quae
1544 3616 1595 3665 in
1634 3617 1691 3665 iis
1729 3629 1977 3665 vocantur
2011 3635 2035 3664 a
2070 3617 2284 3681 quibus—

111 3688 228 3736 dam
260 3688 624 3738 mercatoribus
654 3689 970 3738 Senensibus
1001 3702 1184 3739 mutuo
1220 3691 1487 3757 accepisse,
1519 3708 1574 3739 ac
1604 3691 1743 3757 petit,
1778 3704 1827 3739 111
1862 3691 2072 3754 llugoni
2114 3690 2283 3738 lat-obi

111 3762 190 3810 vel
208 3762 444 3811 Restorio
463 3763 672 3813 Junctae
692 3764 771 3813 vel
789 3765 979 3813 Jacobo
999 3763 1118 3812 Gilii
1141 3778 1478 3829 praesentatas
1498 3764 1686 3814 litteras
1715 3765 1816 3813 sive
1848 3765 2168 3830 transscripta
2200 3782 2284 3829 pa-

111 3835 356 3885 triarchae
391 3849 439 3886 et
477 3838 841 3902 magistrorum
882 3838 1058 3902 sigillis
1098 3838 1295 3888 munita
1335 3839 1495 3888 solvat
1536 3839 1681 3902 (nihl.
1712 3840 1774 3888 de
1804 3839 1981 3888 l'c'colc
2012 3840 2060 3888 d.
2092 3840 2286 3887 cliartcs

124 3911 276 3975 1858,
308 3927 355 3977 p.
396 3912 695 3976 128-129,
726 3913 825 3962 No.
859 3928 919 3977 4;
964 3912 1022 3961 cf.
1054 3929 1101 3978 p.
1144 3913 1273 3977 118).
2142 3912 2279 3960 1351

200 4007 339 4044 Κϋ111
354 4009 362 4043 1
377 4009 434 4044 ch
450 4015 473 4053 t,
511 4008 684 4055 Regcsta.
1933 4029 1984 4072 ²3
