2684 4244
354 190 456 238 230
1287 164 1581 223 Regesta

350 351 534 400 dictam
563 347 723 413 Dagie
751 360 798 396 et
826 343 1115 397 extenditur
1141 363 1308 413 usque
1336 347 1399 397 ad
1427 349 1632 412 Zamga,
1670 347 1857 398 dehinc
1886 364 2053 413 usque
2082 348 2145 398 ad
2171 348 2340 398 lacum
2371 346 2522 397 Helia

348 437 397 474 et
433 423 548 486 Joh,
590 434 639 471 et
678 421 809 471 inter
844 421 943 470 Joh
983 433 1031 470 et
1070 421 1287 471 Ramam
1328 433 1401 471 est
1441 422 1695 487 quaedam
1737 438 1856 471 cava
1898 422 2071 485 divisa)
2111 438 2320 472 necnon
2358 419 2520 471 casale

350 497 533 564 Sespin
555 496 589 559 2)
621 496 780 561 (quod
808 512 836 543 a
863 507 1001 561 parte
1028 495 1173 545 Baari
1202 495 1492 545 extenditur
1518 512 1685 561 usque
1714 496 1776 545 ad
1805 512 2027 558 crucem,
2049 495 2236 545 dehinc
2264 511 2430 562 usque
2458 495 2522 545 ad

350 586 525 621 cavam
553 582 601 620 et
628 582 880 620 turonum
908 569 970 618 de
990 569 1196 619 Sabuhc
1223 576 1432 619 necnon
1460 570 1523 619 ad
1551 585 1786 634 aggerem
1808 570 1870 619 de
1893 570 2143 635 Bezequi3
2175 570 2306 619 inter
2323 569 2523 636 Sespin,

348 645 509 709 Baari,
530 643 696 693 Abedi
715 655 763 693 et
781 642 1020 692 Raselain
1048 655 1121 692 est
1150 643 1333 694 divisio
1353 644 1605 709 quaedam
1626 656 1765 710 petra
1792 643 1979 693 scilicet
2007 643 2151 708 nigra
2178 656 2225 693 et
2252 655 2523 711 pertusum

349 719 517 785 vulpis
557 730 605 767 et
632 716 921 767 extenditur
960 733 1126 783 usque
1165 719 1227 768 ad
1268 719 1481 768 curbam
1518 718 1769 768 Johannis
1807 717 1986 782 Turci,
2027 717 2214 767 dehinc
2254 733 2420 784 usque
2459 717 2522 767 ad

349 795 562 843 curbam
590 793 651 841 de
682 793 887 857 Moqun
916 804 963 840 et
988 807 1156 857 usque
1185 793 1248 841 ad
1276 792 1527 858 Indapus;
1565 792 1689 840 haec
1717 791 1847 840 infra
1875 792 2033 841 situm
2061 803 2137 841 est
2163 791 2336 858 ipsum
2363 790 2523 841 casale

351 867 551 933 Sespin,
582 883 641 915 ex
669 878 809 932 parte
838 865 1071 915 Alasines
1099 866 1388 915 extenditur
1416 882 1581 931 usque
1609 866 1672 914 ad
1701 867 1937 915 arborem
1964 864 2249 915 morarium
2276 866 2524 916 furcatam

349 953 397 991 et
432 957 600 1006 usque
638 941 700 990 ad
741 940 938 990 flumen
977 940 1145 990 Johan
1165 940 1201 1004 3)
1243 953 1291 989 et
1329 941 1392 989 ad
1430 940 1645 1004 vingum
1689 940 1927 989 Dendieu
1968 951 2016 988 et
2055 940 2117 989 ad
2157 938 2423 990 ecclesiam
2459 939 2523 989 de

350 1016 574 1081 Indapus
603 1026 651 1064 et
678 1015 741 1064 ad
768 1027 1019 1063 turonum
1059 1014 1255 1081 platum
1284 1010 1332 1063 et
1368 1026 1564 1079 petram
1603 1013 1804 1078 nigram
1843 1026 1891 1063 et
1929 1013 2142 1063 fractum
2184 1014 2440 1064 arvoltum
2477 1025 2526 1063 et

351 1105 518 1155 usque
547 1089 609 1138 ad
637 1089 824 1152 lacum,
855 1088 944 1138 ubi
974 1087 1069 1138 fuit
1108 1088 1297 1138 domus
1336 1086 1586 1137 Johannis
1626 1087 1842 1151 Cordin,
1872 1100 1921 1136 et
1946 1087 2082 1136 viam
2117 1087 2406 1152 cruciatam,
2435 1086 2525 1137 ubi

349 1176 424 1213 est
452 1179 575 1213 crux
604 1163 666 1212 de
695 1174 863 1229 petra3
906 1161 1027 1211 hinc
1066 1175 1139 1211 est
1177 1174 1308 1211 recta
1345 1161 1424 1210 via
1465 1162 1528 1211 de
1569 1161 1832 1211 Amudain
1866 1162 1928 1210 ad
1955 1160 2157 1211 Tractic
2184 1173 2232 1211 et
2258 1173 2434 1228 postea
2461 1161 2524 1211 ad

349 1237 581 1301 flumen),
612 1237 800 1286 deinde
841 1235 981 1286 aliud
1010 1236 1169 1285 casale
1198 1235 1508 1301 Buquequia
1526 1235 1564 1298 4)
1594 1252 1711 1284 curn
1744 1235 2064 1302 pertinentiis
2091 1247 2140 1284 et
2168 1234 2523 1299 divisionibUS,

350 1312 480 1362 sicut
519 1311 766 1360 dominus
806 1310 1028 1360 Michael
1066 1309 1237 1376 ipsum
1274 1309 1439 1359 tenuit
1465 1308 1697 1374 ejusdem
1726 1323 1774 1359 et
1802 1309 1986 1376 Sespin
2012 1309 2325 1359 territorium
2354 1307 2526 1374 jungi—

348 1399 447 1450 tur,
488 1398 599 1435 tum
638 1385 693 1434 in
728 1384 983 1434 territorio
1024 1383 1278 1448 Meloni5)
1320 1384 1457 1433 aliud
1498 1383 1659 1433 casale
1699 1383 1913 1434 nomine
1943 1382 2353 1448 Cumbethfor,⁶)
2381 1382 2526 1449 quod

354 1476 475 1510 cum
503 1458 823 1526 pertinentiis
852 1470 900 1508 et
928 1458 1269 1507 divisionibus
1297 1475 1324 1507 a
1352 1470 1490 1524 parte
1530 1457 1742 1508 orientis
1782 1457 2088 1522 extenditur,
2128 1457 2258 1508 sicut
2284 1457 2422 1507 vadit
2447 1456 2528 1506 via

351 1550 519 1600 usque
547 1534 608 1582 ad
646 1546 839 1600 petram
881 1532 1012 1581 inter
1050 1532 1398 1582 Cumbethfor
1436 1545 1482 1582 et
1519 1532 1753 1581 Tetimec
1794 1532 1859 1595 (et
1896 1545 2017 1582 sunt
2056 1531 2184 1582 infra
2225 1544 2395 1598 petrae
2431 1546 2527 1598 pro

351 1608 498 1658 metis
526 1606 652 1656 fixae
682 1619 730 1656 et
756 1608 929 1656 subter
957 1608 1229 1668 carbones;
1262 1606 1450 1656 dehinc
1478 1606 1767 1656 extenditur
1795 1623 1959 1672 usque
1988 1607 2050 1656 ad
2079 1618 2239 1656 metas
2267 1617 2527 1673 petrarum
2550 1651 2554 1653 Δ

351 1682 472 1732 fixas
502 1698 561 1731 ex
590 1694 728 1748 parte
747 1681 967 1732 Vancun
989 1693 1036 1730 et
1054 1682 1303 1730 carbones
1321 1682 1510 1740 subter,
1531 1698 1557 1730 a
1576 1693 1714 1747 parte
1734 1680 2015 1731 occidentis
2033 1681 2166 1731 inter
2183 1679 2529 1731 Cumbethfor

351 1769 399 1806 et
426 1756 586 1805 casale
614 1755 943 1820 Beleguinos,
964 1755 1110 1820 quod
1128 1755 1429 1805 habitatura
1446 1754 1645 1804 villanis
1674 1756 1735 1805 de
1764 1755 1971 1804 Arench
2001 1768 2049 1805 et
2075 1767 2149 1805 est
2175 1754 2226 1805 S.
2247 1753 2437 1805 Mariae
2464 1753 2528 1804 de

349 1830 523 1894 Turri,
568 1842 690 1880 sunt
733 1842 896 1879 metae
939 1842 1200 1895 petrarum
1242 1829 1369 1879 fixae
1413 1841 1462 1879 et
1504 1831 1678 1879 subter
1722 1831 1985 1894 carboneS,
2031 1829 2219 1879 dehinc
2257 1844 2425 1895 usque
2463 1828 2528 1878 ad

352 1906 652 1955 columnam
681 1919 1050 1966 marmoream;
1087 1922 1114 1953 a
1141 1917 1281 1970 parte
1309 1904 1671 1971 septentrionis
1698 1920 1874 1954 versus
1903 1903 2190 1954 Casseriam
2217 1916 2339 1953 sunt
2364 1914 2528 1953 metae

347 1979 474 2029 fixae
504 1991 552 2029 et
579 1980 754 2028 subter
782 1981 1031 2029 carbones
1060 1991 1108 2028 et
1134 1979 1271 2028 vadit
1299 1995 1465 2044 usque
1505 1979 1569 2027 ad
1607 1991 1876 2044 turonum,
1917 1996 1944 2028 a
1985 1977 2200 2028 meridie
2236 1976 2530 2028 extenditur

346 2070 514 2120 usque
543 2054 607 2102 ad
635 2065 794 2102 metas
823 2053 885 2103 de
914 2053 1204 2117 Bagnigun,
1244 2053 1334 2102 ubi
1363 2070 1486 2103 crux
1514 2065 1587 2102 est
1614 2053 1796 2119 posita,
1837 2065 1886 2102 et
1921 2069 2089 2119 usque
2118 2053 2181 2102 ad
2209 2052 2440 2116 rocham,
2481 2063 2530 2101 et

347 2128 478 2178 infra
506 2140 627 2177 sunt
662 2139 834 2194 petrae
862 2127 989 2177 fixae
1019 2139 1068 2176 et
1096 2129 1344 2177 carbones
1384 2129 1583 2188 subter;
1630 2145 1653 2176 a
1685 2141 1824 2194 parte
1853 2126 2166 2177 Abraainain
2193 2138 2243 2176 et
2270 2124 2528 2177 Casseriae

347 2215 469 2253 sunt
496 2214 666 2269 petrae
695 2201 822 2251 fixae
852 2214 900 2251 et
928 2202 1175 2251 carbones
1204 2203 1379 2251 subter
1407 2214 1454 2251 et
1482 2201 1534 2251 in
1563 2202 1736 2251 medio
1771 2214 2027 2268 petrarum
2058 2200 2276 2251 fixarum
2304 2212 2379 2250 est
2407 2215 2529 2250 crux

347 2278 410 2327 de
450 2276 625 2343 petra),
667 2275 894 2341 denique
935 2276 1095 2326 casale
1135 2279 1255 2343 Ayn
1279 2276 1312 2339 7)
1354 2276 1397 2339 (a
1425 2288 1564 2343 parte
1594 2276 1792 2326 Calasie
1821 2289 1894 2325 est
1933 2292 2057 2325 crux
2086 2276 2149 2325 de
2178 2288 2318 2342 petra
2346 2286 2394 2324 et
2421 2290 2528 2324 car-

347 2353 510 2401 bones
539 2352 714 2401 subter
741 2367 895 2417 supra
924 2350 1075 2415 viam,
1106 2367 1238 2417 quae
1268 2351 1409 2400 ducit
1436 2350 1499 2400 ad
1526 2350 1763 2414 Vancun,
1806 2367 1833 2399 a
1861 2362 2001 2417 parte
2041 2349 2322 2399 occidentis
2354 2361 2530 2399 exten-

349 2426 485 2475 ditur
513 2425 576 2474 ad
605 2437 873 2491 pertusum
891 2424 1061 2492 vulpis
1090 2438 1137 2474 et
1165 2424 1356 2474 ibidem
1386 2437 1459 2474 est
1487 2442 1608 2475 crux
1637 2425 1699 2474 de
1729 2437 1885 2491 petra,
1906 2424 2094 2474 dehinc
2112 2440 2280 2490 usque
2298 2423 2362 2473 ad
2381 2421 2529 2487 ovile,

350 2512 399 2550 et
433 2499 487 2549 in
526 2498 700 2549 medio
741 2512 862 2548 sunt
901 2511 1065 2549 metae
1107 2500 1170 2549 de
1209 2511 1351 2566 petra
1378 2499 1423 2549 V
1463 2511 1511 2548 et
1549 2500 1797 2549 carbones
1838 2500 2028 2563 subter,
2069 2516 2096 2548 a
2134 2511 2275 2565 parte
2303 2498 2530 2564 Vangun

350 2590 516 2640 usque
545 2574 608 2623 ad
637 2589 842 2624 crucem
871 2573 934 2623 de
963 2585 1122 2640 petra,
1153 2590 1286 2639 quae
1325 2573 1422 2623 fixa
1462 2586 1535 2623 est
1573 2572 1709 2638 juxta
1747 2573 1997 2638 gastinam
2038 2589 2193 2640 supra
2231 2572 2368 2622 viam
2401 2583 2449 2622 et
2476 2571 2530 2621 in

349 2648 510 2714 capite
537 2647 647 2698 viae
676 2661 750 2697 est
776 2647 871 2697 alia
899 2660 1041 2715 petra
1069 2661 1116 2698 et
1142 2648 1223 2697 via
1251 2647 1319 2697 ibi
1349 2648 1607 2711 dividitur)
1637 2660 1789 2714 atque
1821 2648 2045 2697 liberum
2072 2646 2448 2697 commercium
2475 2645 2529 2695 in

348 2735 459 2773 toto
489 2738 651 2788 regno
680 2722 956 2772 Armeniae
986 2734 1034 2772 et
1060 2722 1381 2772 securitatem
1422 2723 1577 2788 regali
1605 2722 1773 2787 sigillo
1802 2738 1959 2772 aureo
1987 2720 2238 2788 promittit
2265 2733 2313 2771 et
2340 2719 2530 2771 confir-

351 2809 454 2846 mat
482 2796 745 2861 (Strehlke,
774 2813 823 2863 p.
859 2814 1089 2863 37—39,
1116 2797 1218 2846 No.
1248 2797 1318 2863 46
1351 2795 1428 2862 [cf.
1460 2814 1508 2863 p.
1551 2795 1694 2862 126];
1739 2795 2001 2861 Langlois,
2031 2796 2239 2860 Tresor,
2270 2812 2318 2862 p.
2357 2812 2531 2850 117—

359 2888 472 2934 120,
502 2872 602 2921 No.
636 2871 694 2932 63
727 2871 788 2921 cf.
819 2871 1029 2921 Forsch.
1058 2872 1193 2936 XXI,
1223 2888 1272 2938 p.
1303 2873 1428 2937 498,
1458 2872 1559 2921 No,
1599 2889 1613 2921 1
1639 2887 1650 2932 3
1681 2870 1966 2938 AltpreuSS.
2000 2871 2338 2921 Monatsschr.
2376 2869 2528 2931 1882,

348 2946 483 3010 XIX,
513 2962 561 3012 p.
592 2946 715 3012 638,
750 2946 849 2995 No,
891 2945 985 3008 10).
2413 2941 2530 2991 859

472 3033 508 3086 2)
543 3030 776 3087 Strehlke,
811 3045 854 3089 p.
887 3030 969 3075 26:
1005 3029 1197 3090 Cespin.
1383 3032 1420 3087 3)
1453 3028 1891 3087 Dschihan-tschai,
1924 3031 2160 3090 Pyramus
2193 3038 2435 3086 veterum3
2469 3027 2528 3073 cf.

348 3090 554 3147 Eracles,
570 3104 613 3147 p.
632 3090 730 3135 208.
844 3092 879 3148 4)
898 3090 1133 3139 Strehlke.
1149 3105 1193 3148 p.
1211 3106 1280 3151 39,
1302 3092 1407 3136 126:
1430 3089 1685 3147 Buchecia,
1701 3091 1915 3147 Bucona,
1930 3087 2230 3148 Buquequia.
2341 3087 2528 3143 ⁵)M1fin

350 3150 410 3194 ad
424 3148 663 3194 sinistram
678 3148 780 3194 Sari
795 3149 946 3209 ripam
964 3149 1050 3195 sita
1065 3165 1229 3195 versus
1245 3148 1624 3208 septentrionem
1641 3160 1686 3194 et
1702 3148 1937 3194 orientem
1956 3149 2014 3193 de
2029 3150 2147 3193 urbe
2162 3148 2331 3193 Adana
2345 3148 2528 3204 (Journ.

349 3208 478 3254 asiat.
511 3209 636 3266 1861,
659 3210 821 3267 XVIII,
845 3224 889 3267 p.
915 3213 1036 3268 315).
1217 3212 1255 3265 6)
1288 3211 1415 3254 Inter
1437 3208 1735 3253 Mamistram
1759 3219 1804 3253 et
1827 3210 2034 3253 Tarsum
2068 3207 2155 3252 sita
2190 3206 2321 3264 (ibid.
2345 3222 2391 3266 p.
2418 3219 2528 3266 3153

350 3269 409 3313 cf.
434 3268 685 3313 Wilbrand
719 3269 778 3313 ab
817 3268 1103 3335 Oldenburg
1138 3269 1210 3313 ed.
1247 3270 1472 3325 Laurent,
1506 3284 1549 3327 p.
1582 3269 1697 3327 176).
1883 3268 1916 3322 7)
1949 3267 2184 3325 Strehlke,
2218 3282 2261 3325 p.
2290 3279 2370 3326 39:
2403 3267 2529 3326 Ayn,

349 3344 393 3387 p.
426 3328 529 3372 126:
565 3327 782 3388 Haaiym.
826 3329 933 3373 Hoc
968 3328 1265 3386 privssegium
1300 3327 1521 3373 fratribus
1546 3329 1588 3372 T
1592 3326 1858 3372 heutonicis
1892 3326 2197 3371 Innocentius
2220 3327 2277 3371 III
2313 3341 2372 3384 24
2391 3326 2528 3371 Febr.

359 3403 469 3446 1214
493 3386 793 3432 confirmavit
827 3387 1084 3445 (Strehlke,
1113 3403 1156 3446 p.
1185 3402 1378 3447 39—40,
1401 3388 1492 3432 No.
1515 3400 1599 3445 473
1633 3386 1876 3445 Langlois,
1899 3401 1943 3445 p.
1975 3402 2068 3443 121,
2091 3387 2182 3431 No.
2205 3399 2259 3445 73
2292 3385 2530 3443 Potthast,

351 3449 442 3492 No.
465 3450 618 3506 4901).
674 3448 903 3492 Ceterum
927 3447 1147 3492 conferas
1172 3448 1230 3492 de
1254 3446 1642 3505 possessionibus
1672 3444 2119 3505 Hospitalariorum,
2141 3447 2266 3490 Tem
2303 3443 2530 3490 lariorum

353 3517 399 3552 et
422 3507 624 3551 fratrum
647 3505 1063 3552 Theutonicorum
1094 3506 1141 3551 in
1163 3506 1388 3551 Armenia
1424 3505 1547 3551 sitis:
1582 3505 1823 3564 Langlois,
1858 3520 1902 3563 p.
1925 3519 2117 3564 74—77,
2139 3505 2255 3564 78—-
2297 3520 2331 3562 1,
2353 3503 2527 3548 81—82

353 3576 399 3611 et
435 3568 652 3625 Herquet
687 3564 736 3610 in
774 3565 1119 3611 VVochenblatt
1163 3567 1246 3610 der
1283 3564 1973 3624 Johanniter-Ordensballey
2009 3564 2361 3622 Brandenbuxg
2404 3562 2530 3622 1872,

350 3640 395 3684 p.
429 3640 612 3768 821}
637 3698 718 3771 c.).
772 3733 845 3739 —
889 3703 1186 3769 GaufriduS,
1233 3704 1577 3754 thesaurarius
1619 3702 1844 3769 Templi,
1888 3702 2192 3752 Innocentio
2235 3702 2298 3752 III
2340 3701 2526 3768 scribit,

354 3779 608 3828 Erardum
624 3779 980 3828 Brennensem
1002 3778 1036 3841 1)
1063 3778 1353 3845 philippam
1373 3794 1588 3829 uxorem
1607 3778 1795 3827 ducere
1811 3777 1940 3826 velle
1960 3776 2218 3840 (d'Arbois
2237 3777 2299 3826 de
2316 3775 2528 3826 Jubain-

478 3894 510 3947 ¹)
544 3891 810 3936 Amalricus
833 3892 867 3948 Ι,
901 3905 983 3935 rex
1007 3890 1488 3951 Hierosolymitanus,
1522 3905 1650 3935 anno
1692 3904 1803 3948 1174
1835 3899 2055 3934 mortuus
2090 3887 2345 3947 reliquerat
2377 3886 2527 3933 filium

353 3950 641 3995 Balduinum
669 3952 711 3995 V
747 3961 793 3995 et
827 3950 943 3995 duas
978 3949 1095 3996 filias
1129 3950 1360 4011 Sibyllam
1395 3960 1441 3995 et
1473 3949 1739 4007 Isabellam,
1773 3963 1976 4007 quarum
2008 3947 2140 4007 prior
2173 3947 2425 3993 Guillelmo
2466 3947 2525 3992 de
