2684 4244
952 490 1959 580 SUPPLEMENTUM.

524 793 800 857 Postquam
841 792 939 841 hoc
979 791 1287 857 opusculum
1332 790 1532 841 finitum
1573 791 1683 856 fuit,
1726 793 1975 842 nonnulla
2015 806 2206 858 regesta
2250 792 2444 844 Urbani
2471 794 2540 844 IV

378 867 538 916 modo
566 865 700 914 edita
728 865 1037 925 invenimus,
1068 882 1200 931 quae
1229 865 1623 931 praetermittere
1651 865 1912 918 nolumus

457 938 602 987 1263
632 940 762 990 Nov.
814 956 888 1004 13.
917 940 1074 1006 Apud
1117 940 1313 990 Urbem
1357 952 1592 989 veterem.
1646 966 1699 974 -
1751 940 1989 990 Urbanus
2017 941 2083 990 IV
2126 940 2426 1003 (Guillelmo
2469 940 2544 1006 II),

378 1014 689 1081 patriarchae
732 1013 1222 1080 HierosolymitanO,
1268 1015 1491 1077 mandat,
1538 1027 1592 1064 ut
1635 1015 1947 1064 monasterio
1991 1014 2039 1063 S.
2085 1015 2276 1065 Mariae
2318 1015 2382 1065 de
2418 1014 2544 1065 valle

376 1089 617 1154 Josaphat
670 1087 895 1153 aliquam
948 1105 1218 1154 personam
1273 1087 1513 1138 idoneam
1567 1088 1620 1137 in
1673 1090 1953 1151 abbatem1)
2007 1087 2262 1155 praeficiat
2315 1087 2544 1156 (Registr.

382 1162 575 1213 Urbani
604 1159 698 1224 IV,
727 1162 826 1212 No.
862 1159 1038 1230 2223).
2089 1169 2098 1173 ’

537 1237 544 1260 ¹
583 1232 843 1276 Jacobum?

460 1237 606 1343 1234
637 1295 820 1345 Martio
854 1297 918 1345 26
948 1296 1068 1346 ibid.
1096 1324 1164 1329 -
1193 1296 1332 1344 Idem
1376 1295 1543 1345 eidem
1586 1297 1812 1361 mandat,
1856 1308 1910 1346 ut
1948 1296 2227 1361 Iulianum,
2272 1296 2547 1347 dominum

381 1370 756 1433 Sidoniensem‚
785 1383 831 1419 et
859 1370 908 1421 S.
926 1370 973 1433 ¹),
1002 1370 1133 1434 regis
1162 1369 1434 1419 Armeniae
1463 1383 1649 1432 natam,
1675 1370 1964 1436 compellat,
1995 1371 2138 1436 quod
2181 1387 2288 1420 non
2314 1372 2545 1421 obstante

380 1445 442 1493 ad
486 1444 703 1493 invicem
749 1444 990 1493 contracti
1034 1443 1349 1493 matrimonii
1392 1443 1760 1509 irregularitate
1812 1444 1966 1494 vitam
2019 1461 2354 1495 communem
2395 1457 2548 1510 agant

381 1519 516 1580 (ibid.
545 1519 642 1567 No.
680 1518 846 1582 1466).

535 1589 568 1643 ¹)
591 1587 707 1645 Siby
711 1587 785 1637 lla,
809 1586 899 1630 filia
925 1586 1046 1644 regis
1072 1586 1354 1645 Haythonis,
1378 1586 1536 1644 nupsit
1551 1586 1683 1645 Sept.
1704 1601 1813 1645 1254
1835 1587 2153 1632 Bohemundo
2178 1588 2256 1646 VI,
2279 1587 2546 1648 Euphemia

382 1648 534 1704 (1252)
557 1646 741 1691 Iuliano
766 1621 1052 1690 Sidoniensi.

529 1751 562 1794 ³³.
637 1711 820 1760 Martio
853 1728 908 1776 31
945 1710 1065 1759 ibid
1093 1739 1163 1744 —-
1192 1711 1334 1760 Idem
1365 1710 1530 1759 eidem
1562 1711 1779 1770 mandat,
1815 1724 1869 1760 ut
1886 1711 2303 1761 constitutionem
2322 1710 2385 1762 de
2409 1723 2548 1762 certo

381 1786 749 1834 canonicorum
786 1801 1005 1834 numero
1034 1787 1095 1833 ab
1124 1784 1248 1834 olim
1278 1785 1521 1851 episcopo
1551 1784 1831 1835 Guillelmo
1860 1786 2195 1836 Anteradensi
2214 1786 2400 1836 editam
2423 1801 2548 1836 con-

382 1860 546 1908 firmet
575 1859 710 1921 (ibid.
739 1860 838 1910 No,
877 1860 1043 1924 ¹490).
2418 1873 2424 1880 ·
2534 1873 2540 1899 ῑ

531 1972 559 1996 ‚‚
639 1934 803 1999 Aprili
840 1952 854 1983 1
892 1933 1010 1983 ibid.
1037 1962 1110 1970 -—
1138 1933 1276 1982 Idem
1306 1933 1469 1983 eidem
1500 1934 1721 1996 mandat,
1761 1946 1815 1984 ut
1841 1934 1894 1984 in
1922 1933 2133 1985 ecclesia
2158 1935 2424 1986 Nazarena
2452 1950 2548 2002 pro

383 2008 560 2056 Santio
590 2008 892 2057 Guidonem
921 2008 982 2057 de
1011 2008 1227 2057 Paladru
1256 2024 1348 2074 pro
1378 2007 1547 2074 priore
1576 2008 1749 2058 haberi
1778 2009 1924 2058 faciat
1953 2007 2088 2072 (ibid.
2116 2010 2216 2061 No,
2253 2009 2424 2077 1503).
2458 2050 2478 2057 ,-

531 2120 557 2145 ,,
636 2082 800 2147 Aprili
835 2099 857 2147 5
890 2082 1007 2133 ibid.
1036 2110 1105 2117 --
1136 2082 1272 2131 Idem
1305 2082 1550 2150 episcopo
1579 2082 1786 2132 Lidensi
1805 2082 1974 2132 scribit
1992 2096 2201 2151 propter
2229 2083 2546 2150 praebendas

383 2157 435 2205 in
464 2157 671 2206 ecclesia
701 2156 910 2207 Lidensi
939 2169 1170 2206 vacantes
1199 2156 1333 2219 (ibid.
1364 2157 1461 2206 No·
1500 2158 1667 2222 1555)-

531 2271 561 2294 ‚,
644 2229 781 2294 Majo
822 2249 879 2295 ¹9
910 2231 1029 2280 ibid.
1072 2260 1143 2265 ——
1187 2232 1326 2280 Idem
1371 2231 1528 2297 priori
1573 2233 1619 2281 S.
1665 2232 1933 2298 Sepulchri
1979 2231 2457 2300 Hierosolymitano
2499 2242 2550 2282 et

381 2304 744 2354 archidiacono
773 2305 1126 2355 Tiberiadensi
1156 2306 1377 2370 mandat,
1408 2318 1463 2355 ut
1489 2306 1739 2355 Jacobum
1771 2306 1834 2355 de
1861 2306 1910 2357 S.
1944 2306 2215 2370 QuintinO,
2243 2306 2549 2357 canonicum

383 2380 725 2445 Lyddensem⁷
755 2380 808 2428 in
838 2379 1045 2429 ecclesia
1067 2379 1327 2446 Berytensi
1356 2380 1407 2428 in
1435 2381 1742 2430 canonicum
1764 2379 1918 2447 recipi
1938 2380 2080 2430 faciat
2098 2377 2242 2446 (ibid.
2259 2381 2357 2431 No.
2381 2379 2550 2447 1983).

529 2493 558 2518 „
639 2453 777 2517 Majo
812 2471 872 2519 25
905 2454 1024 2504 ibid.
1053 2483 1123 2489 —
1153 2455 1291 2504 Idem
1332 2454 1574 2521 episcopo
1614 2454 1951 2504 Anteradensi
1992 2455 2239 2520 indulget,
2282 2471 2345 2505 ne
2375 2455 2550 2506 fratres

382 2528 659 2594 Hospitalis
688 2528 972 2594 quidquam
1013 2528 1106 2578 sibi
1149 2528 1410 2578 vindicent
1443 2530 1498 2578 in
1537 2530 1745 2578 ecclesia
1787 2529 2123 2579 Anteradensi
2161 2529 2355 2579 ratione
2385 2530 2548 2580 dona-

382 2602 534 2651 tionis
554 2615 600 2651 et
614 2603 991 2669 compositione
1010 2603 1266 2665 iustarum,
1285 2616 1561 2669 antequam
1582 2604 1738 2653 Sedes
1758 2603 2054 2669 Apostolica
2070 2603 2264 2668 locum,
2287 2602 2551 2663 ecclesiam

383 2688 430 2725 et
459 2677 705 2726 diocesim
735 2677 1114 2727 Raffaniensem
1146 2678 1479 2727 Anteradensi
1517 2677 1755 2727 ecclesiae
1783 2677 1951 2727 uniret
1979 2677 2115 2741 (ibid.
2147 2677 2244 2729 No.
2290 2693 2453 2745 17093
2495 2677 2550 2727 in

383 2752 607 2800 eundem
648 2752 865 2801 modum
905 2752 1150 2819 scriptum
1190 2766 1262 2802 est
1299 2765 1506 2819 propter
1546 2752 1719 2802 fratres
1757 2751 1963 2819 Templi
2006 2751 2125 2801 ibid.
2155 2753 2454 2816 N0.·17103
2484 2751 2546 2802 ef.

386 2826 496 2874 RH.
527 2827 625 2875 No.
665 2843 796 2891 ¹329
828 2840 874 2875 et
912 2827 1078 2892 1332).

534 2936 559 2958 ‚,
638 2900 793 2949 Junio
829 2919 851 2965 5
885 2900 1005 2951 ibid.
1037 2931 1108 2935 —
1137 2901 1276 2951 Idem
1307 2901 1549 2968 episcopo
1570 2900 1908 2951 Anteradensi
1928 2901 2158 2964 mandat,
2175 2912 2233 2951 ut
2250 2900 2551 2965 magistrum

385 2973 686 3038 Henricum,
717 2974 1028 3025 canonicum
1056 2976 1477 3037 Anteradensem‚
1503 2975 1751 3026 vicarium
1769 2975 2136 3042 archiepiscopi
2153 2973 2440 3039 Januensis,
2459 2975 2552 3040 qui

385 3064 492 3096 non
520 3049 752 3098 obstante
780 3050 1022 3099 mandato
1066 3051 1333 3116 quondam
1374 3050 1600 3117 episcopi
1640 3049 2000 3100 Anteradensis
2042 3049 2095 3098 in
2135 3049 2315 3099 eadem
2341 3047 2553 3100 ecclesia

384 3138 473 3188 per
501 3122 545 3172 X
574 3139 736 3172 annos
765 3137 880 3189 post
907 3137 1283 3191 competentem
1319 3124 1597 3175 terminum
1624 3124 1937 3189 assignatum
1964 3123 2182 3173 residere
2212 3140 2320 3173 non
2347 3123 2552 3188 curavit,

386 3197 673 3263 praebenda
700 3197 861 3265 privet
888 3198 1026 3261 (ibid.
1057 3199 1157 3249 No.
1197 3199 1364 3264 1811).
