2684 4244
959 168 1090 226 regni
1116 167 1548 227 Hierosolymitani.
2233 191 2333 229 207

162 366 380 425 tradidit,
412 379 807 415 enumerantur:
847 366 1183 431 Lasahephie,
1226 365 1539 428 Laremedie,
1584 365 1848 427 Homesie,
1891 366 2112 430 Lahaya,
2145 366 2336 414 Resco-

162 457 317 507 nany,
348 441 552 503 Herrin,
584 441 855 505 Sedequie,
887 441 1083 502 Canna,
1112 440 1346 506 Bofoley,
1378 440 1669 504 Dercanon,
1692 440 2052 503 Szorcoorum,
2073 440 2335 503 Derreme,

162 516 387 582 Herdey,
418 516 694 577 Harbehel,
733 515 1020 580 Foraquye,
1063 514 1359 577 Labosorie,
1402 514 1662 579 Saltonye,
1706 514 2007 579 Soquollye,
2050 513 2335 578 Laiarodie,

162 590 488 651 Lahemedie,
520 589 887 651 Lanahemine,
918 589 1208 649 Labasorie,
1240 588 1500 654 Saffoney,
1530 588 1639 653 Tyr
1668 589 1821 650 dube,
1843 589 2078 654 Hyanoz,
2099 589 2336 654 Hyanoz,

162 664 377 729 Foquel,
420 663 782 726 Queforcabel,
811 664 1124 729 Teyrfebne,
1166 662 1359 725 (Vitalis
1389 662 1691 724 Galafarius,
1722 662 1955 711 Thomas
1985 663 2150 711 Dulce
2180 675 2226 711 et
2255 663 2337 711 alii

161 750 426 799 testantur,
472 739 616 803 quod
663 738 969 787 Dominicus
1014 742 1267 786 Acotanto
1311 736 1513 799 bajulus
1557 736 1866 800 negligentia
1907 754 1998 785 sua
2038 738 2137 786 hoc
2178 736 2337 785 casale

159 812 454 879 Teyrfebne
484 813 665 873 amisit,
697 813 840 877 quod
870 828 1012 861 nunc
1040 828 1127 860 rex
1154 810 1415 877 possidet),
1444 810 1826 874 Guafarduum,
1871 811 2059 860 Michel
2088 811 2335 877 Serquey,

158 887 316 947 Beris,
348 886 608 951 Migaidel,
642 888 901 951 Maraque,
930 886 1269 951 Anderquifa,
1302 886 1503 949 Maron,
1534 885 1808 949 Affalquie,
1836 885 2059 951 Bafaley,
2087 886 2337 951 Brochey,

159 961 473 1024 Dordohaia,
503 961 783 1027 Terfelsay,
822 962 1063 1027 Haymbo
1097 960 1342 1025 Aldelley,
1386 959 1712 1022 Mahalebfet,
1755 959 1928 1008 Sedim
1969 958 2129 1024 (quod
2159 959 2336 1024 casale,

160 1035 310 1086 Vitali
349 1035 605 1086 Galafario
646 1048 692 1084 et
727 1036 934 1084 Thoma
975 1036 1137 1083 Dulce
1177 1034 1406 1099 testibus,
1448 1046 1680 1098 tempore
1721 1033 2047 1083 pantaleonis
2086 1034 2338 1083 Barbonis

159 1110 405 1160 dominus
449 1109 707 1159 Henricus
736 1111 797 1159 de
828 1110 1128 1175 Campagna
1156 1108 1398 1172 retinuit),
1446 1108 1587 1158 Sauit
1625 1109 1791 1171 Jorge,
1838 1108 2029 1171 Zirisia,
2072 1109 2198 1171 Nea,
2242 1109 2338 1157 La-

158 1201 439 1250 cassomya.
482 1185 723 1249 Denique
753 1201 836 1233 rex
866 1184 1048 1232 retinet
1072 1183 1439 1233 molendinum
1458 1199 1613 1248 super
1630 1182 1998 1231 molendinum
2016 1182 2339 1232 Venetorum

158 1259 315 1308 situm
344 1258 770 1320 (Tafel-Thomas
789 1259 843 1321 II,
873 1275 921 1324 p.
958 1259 1262 1323 351—380,
1290 1258 1391 1306 No.
1427 1273 1557 1321 2993
1594 1256 1778 1322 partim
1808 1257 1860 1305 in
1889 1257 1954 1305 H.
1986 1257 2250 1306 Bre'holles
2279 1258 2338 1321 V,

158 1350 206 1400 p.
245 1334 629 1398 1228——12323
662 1333 722 1381 cf.
754 1333 967 1382 Wilken
999 1332 1101 1396 VII,
1131 1349 1180 1398 p.
1216 1348 1346 1396 3713
1385 1330 1741 1393 Quatremere,
1774 1331 1985 1380 Makrizi
2014 1331 2130 1395 ΙΙΑ,
2161 1349 2209 1398 p.
2235 1349 2333 1396 213

157 1424 366 1469 —2173
412 1408 581 1472 PrutZ,
612 1411 722 1456 Aus
751 1407 1056 1471 Phonizien,
1098 1424 1147 1472 p.
1183 1407 1500 1470 266—2963
1547 1406 1700 1471 Heyd
1729 1405 1761 1469 I,
1790 1423 1839 1471 p.
1881 1407 1995 1471 148,
2038 1408 2336 1471 155—156,

168 1483 282 1546 162,
317 1484 437 1547 338,
473 1498 593 1548 342,
628 1498 760 1546 3453
808 1481 1060 1530 Robricht
1087 1482 1141 1530 in
1169 1481 1364 1531 ZDPV.
1396 1482 1457 1545 X,
1488 1498 1537 1547 p.
1574 1481 1897 1544 282—290).
2190 1479 2338 1528 1114

231 1591 445 1654 (124ῧέ
472 1591 552 1655 c.).
588 1621 652 1626 —
683 1591 988 1654 (Fridericus
1016 1592 1070 1655 II)
1112 1594 1336 1656 mandat,
1381 1605 1452 1657 ut,
1495 1609 1662 1658 quum
1703 1591 1843 1658 prior
1871 1605 1918 1640 et
1947 1592 2119 1640 fratres
2150 1593 2338 1642 domus

158 1667 365 1734 Templi
406 1667 601 1716 nuntiis
629 1668 691 1716 ad
721 1667 821 1716 hoc
862 1667 1144 1732 specialiter
1173 1667 1435 1716 destinatis
1465 1685 1489 1715 a
1520 1667 1659 1716 curia
1688 1667 1925 1715 Romana
1960 1666 2229 1732 impetrare
2259 1668 2337 1717 in—

155 1743 383 1805 tendant,
419 1754 475 1791 ut
493 1742 778 1807 Templum
805 1741 1021 1790 Domini
1050 1741 1102 1791 in
1123 1742 1402 1791 Jerusalem
1431 1760 1457 1790 a
1486 1741 1721 1791 dominio
1751 1741 2073 1807 imperatoris
2103 1741 2338 1791 abdicent

155 1816 209 1866 in
250 1833 312 1866 eo
349 1828 571 1865 castrum
601 1829 777 1864 contra
818 1816 1075 1865 honorem
1110 1816 1434 1882 imperatoris
1464 1828 1761 1865 construere
1792 1829 2144 1882 proponentes
2173 1817 2336 1866 addu-

155 1904 350 1954 cantur,
380 1902 437 1939 ut
465 1908 490 1938 a
520 1891 789 1956 proposito
820 1890 1079 1954 desistant,
1110 1890 1345 1956 alioquin
1375 1890 1613 1940 certiores
1642 1889 1780 1954 fiant,
1802 1890 1979 1940 omnia
1998 1907 2181 1940 eorum
2202 1892 2338 1940 bona

157 1965 366 2014 mobilia
395 1978 442 2014 et
470 1964 773 2029 immobilia,
805 1981 937 2029 quae
966 1965 1019 2014 in
1049 1981 1211 2029 regno
1241 1978 1289 2014 et
1317 1965 1534 2032 imperio
1575 1965 1931 2028 inveniuntur,
1973 1966 2240 2014 ademtum
2279 1966 2338 2014 iri

157 2039 566 2103 (Winkelmann,
608 2044 731 2088 Acta
772 2039 961 2088 inedita
1002 2040 1036 2103 I,
1078 2056 1126 2105 p.
1163 2041 1492 2105 369—370,
1534 2040 1634 2089 No.
1671 2056 1806 2105 4343
1861 2040 2336 2104 Bohmer-Ficker,

156 2115 256 2164 No.
291 2130 458 2180 34033
504 2114 565 2163 cf.
597 2130 729 2179 quae
760 2129 856 2162 nos
887 2114 939 2162 in
969 2115 1179 2163 Forsch.
1221 2116 1373 2179 1886,
1412 2132 1459 2181 p.
1494 2116 1559 2179 89
1590 2114 1960 2180 exposuimus).
2189 2113 2337 2163 1115

260 2224 426 2289 1244,
456 2227 561 2276 ind.
583 2226 637 2276 ΙΙ.
668 2231 864 2276 Accon.
885 2255 955 2260 ——
976 2226 1232 2276 Marsilius
1252 2228 1527 2294 GeorgiUS,
1544 2229 1867 2279 Venetorum
1887 2226 2089 2291 bajulus
2108 2227 2160 2276 in
2180 2227 2338 2294 Syria,

157 2317 340 2352 eorum
358 2303 494 2350 bona
513 2313 797 2350 enumerat.
828 2301 1011 2351 Veneti
1031 2301 1299 2367 possident
1327 2302 1380 2351 in
1409 2320 1534 2367 ruga
1553 2302 1713 2352 Firmi
1732 2302 1771 2351 ΙΙ
1791 2303 1977 2351 domos
2006 2302 2058 2350 in
2085 2302 2270 2352 solario
2291 2316 2339 2352 et

156 2377 195 2426 II
223 2377 343 2426 alias
372 2392 581 2425 necnon
609 2376 884 2425 stationem
904 2392 1064 2442 prope
1085 2377 1303 2426 domum
1323 2377 1561 2427 Pandulfi
1590 2377 1643 2426 in
1672 2377 1851 2443 capite,
1873 2376 2022 2425 aliam
2040 2377 2261 2425 vicinam
2291 2390 2338 2426 et

158 2452 387 2513 furnum,
417 2450 612 2517 palacio
632 2449 787 2514 bajuli
807 2450 998 2499 vicinas
1018 2450 1103 2499 XII
1122 2451 1365 2500 stationes
1395 2464 1443 2501 et
1470 2452 1699 2501 tabulam
1728 2469 1819 2500 seu
1847 2452 2063 2499 bancam
2093 2451 2147 2500 in
2176 2451 2337 2517 capite

156 2525 327 2592 palatii
356 2526 400 2575 V
429 2525 560 2574 inter
588 2525 834 2590 palatium
863 2537 911 2573 et
939 2524 1206 2573 ecclesiam
1235 2525 1284 2575 S.
1308 2526 1466 2575 Marci
1495 2527 1627 2589 sitas,
1649 2526 1759 2576 VIII
1789 2525 1985 2574 tabulas
2005 2542 2095 2574 seu
2116 2527 2338 2575 banchas

158 2601 286 2650 circa
313 2599 506 2664 logiam
534 2599 669 2663 sitas,
709 2600 827 2650 XVI
856 2599 1099 2648 stationes
1139 2601 1234 2649 sub
1269 2617 1460 2664 magno
1492 2601 1677 2666 palatio
1708 2600 1916 2649 fundaci
1945 2616 2100 2666 super
2128 2600 2261 2649 viam
2291 2614 2339 2650 et

157 2691 414 2741 campum,
455 2690 677 2739 quarum
721 2674 902 2739 quinta
946 2686 1157 2722 vocatur
1196 2675 1343 2723 statio
1384 2676 1446 2724 de
1486 2675 1532 2723 la
1573 2675 1809 2739 cocorda,
1851 2675 1889 2723 II
1917 2674 2161 2723 stationes
2202 2674 2339 2738 juxta

156 2749 349 2814 logiam
379 2761 425 2798 et
451 2749 541 2798 XII
571 2765 812 2812 cameras,
834 2765 1056 2813 quarum
1087 2749 1138 2797 in
1168 2766 1272 2798 una
1298 2750 1489 2798 habitat
1507 2750 1768 2799 Johannes
1797 2749 2044 2814 gastaldo,
2066 2750 2339 2815 platearius

157 2823 469 2887 communis,
490 2823 555 2872 XI
576 2824 764 2872 domos
784 2823 836 2872 in
855 2823 1041 2889 palatio
1058 2839 1249 2887 magno
1271 2824 1479 2872 fundaci
1500 2824 1552 2873 in
1571 2824 1758 2873 solario
1778 2825 1840 2873 de
1858 2824 2030 2873 medio
2052 2824 2337 2888 existentes,

160 2914 292 2964 quae
312 2898 653 2961 incantantur,
675 2898 714 2946 si
736 2914 978 2946 caravana
997 2898 1316 2947 Venetorum
1344 2899 1564 2962 advenit,
1586 2900 1806 2948 domum
1835 2899 1888 2947 in
1917 2899 2167 2964 superiori
2201 2912 2338 2965 parte

156 2972 325 3039 palatii
354 2973 407 3021 in
436 2972 624 3021 solario
653 2989 830 3022 versus
861 2972 910 3021 S.
943 2972 1263 3021 Demetrium
1296 2973 1443 3021 sitam
1484 2986 1531 3022 et
1560 2974 1625 3023 IV
1655 2974 1791 3035 alias,
1823 2990 2045 3038 quarum
2073 2973 2237 3038 prima
2268 2988 2338 3023 est

157 3046 295 3110 juxta
334 3046 613 3110 terraciam,
653 3047 774 3095 alias
803 3047 868 3096 VI
898 3063 1120 3095 cameras
1163 3047 1209 3095 in
1254 3048 1503 3112 superiori
1547 3048 1665 3096 dicti
1707 3048 1876 3114 palatii
1906 3048 2039 3111 sitaS,
2070 3049 2114 3097 V
2144 3048 2337 3097 habita-

158 3121 325 3171 tiones
355 3121 408 3170 in
437 3121 596 3187 capite
638 3121 845 3170 fundaci
889 3120 1025 3184 juxta
1067 3121 1115 3170 S.
1149 3122 1471 3170 Demetrium
1510 3139 1716 3171 necnon
1745 3123 1864 3171 alias
1895 3123 2083 3188 plures,
2115 3139 2335 3187 quarum

156 3212 316 3245 unam
356 3195 569 3246 domina
607 3196 773 3258 Pavia,
816 3195 966 3244 aliam
1007 3196 1245 3245 ssurass'us
1286 3197 1535 3261 plazarius
1573 3209 1727 3260 tenet,
1771 3213 1977 3246 necnon
2007 3197 2125 3245 alias
2156 3198 2336 3246 exalia

158 3282 298 3336 parte
325 3269 434 3319 viae
463 3287 489 3318 a
520 3270 705 3335 palatio
740 3286 932 3333 magno
974 3270 1196 3331 fundaci,
1240 3271 1375 3333 alias,
1418 3288 1545 3336 quas
1585 3288 1865 3321 commune
1908 3272 2058 3320 habet
2099 3289 2192 3337 pro
2238 3272 2335 3319 im—

158 3344 426 3393 medietate
467 3361 586 3393 cum
614 3344 898 3404 Pandulf03
942 3344 1073 3392 inter
1101 3344 1235 3405 aliaS,
1268 3362 1398 3410 quae
1437 3360 1558 3395 sunt
1597 3363 1750 3412 supra
1780 3363 1965 3412 capum
1999 3347 2333 3403 Venetorum,

159 3430 433 3468 vocantur:
465 3435 569 3468 una
598 3420 786 3468 domus
816 3435 935 3468 cum
964 3418 1150 3466 solario
1192 3419 1322 3468 dicta
1354 3421 1673 3469 Maliomaria
1704 3434 1750 3469 et
1780 3422 1985 3484 domus,
2017 3438 2147 3484 quae
2178 3435 2247 3468 cst
2278 3438 2335 3469 cx

160 3492 254 3542 alia
295 3504 433 3558 parte
472 3493 580 3542 viae
624 3510 680 3542 ex
722 3493 962 3559 opposito
1003 3493 1166 3556 logiae
1208 3494 1257 3543 S.
1290 3495 1444 3543 Marci
1488 3509 1533 3543 et
1563 3496 1858 3544 communis
1892 3508 1961 3543 est
1995 3512 2085 3559 pro
2118 3495 2336 3542 indiviso

160 3583 279 3616 cum
298 3566 552 3616 Balduino
582 3568 644 3616 de
671 3568 919 3631 laTregla
939 3567 1171 3615 videlicet
1202 3568 1252 3616 in
1282 3569 1496 3618 statione
1534 3586 1734 3634 magna,
1766 3587 1897 3633 quac
1927 3583 1997 3617 cst
2029 3569 2256 3623 inferius,
2289 3583 2334 3617 ct

161 3641 213 3689 in
243 3641 656 3703 habitationibuS,
695 3659 827 3707 quae
868 3654 988 3690 sunt
1028 3658 1182 3707 super
1222 3643 1350 3691 dicta
1391 3644 1620 3701 statione,
1662 3661 1762 3692 uua
1804 3660 1958 3709 supet·
1998 3643 2089 3690 alia
2131 3657 2173 3691 ct
2217 3661 2333 3692 cum

160 3714 415 3764 Nicholao
445 3716 506 3764 de
538 3716 724 3765 Misina
756 3716 823 3778 (Ρ),
856 3716 961 3764 lilio
993 3716 1259 3779 quondam
1290 3718 1542 3767 leonardi
1575 3718 1779 3780 Villaui,
1820 3718 1869 3765 iu
1899 3717 2115 3765 statione
2148 3717 2334 3765 minori

161 3788 321 3838 dictae
376 3789 579 3838 domus,
661 3790 917 3839 Marsilius
965 3789 1190 3854 denique
1230 3793 1567 3856 conqueritur
1609 3794 1670 3840 dc
1712 3792 1884 3840 multis
1927 3792 2153 3848 tributis,
2204 3810 2334 3856 quac

162 3876 338 3912 contra
368 3863 690 3928 privilegium
723 3882 748 3913 a
778 3865 1125 3913 Guarmundo
1144 3866 1319 3914 datum
1349 3879 1396 3915 ct
1425 3885 1449 3915 a
1481 3884 1595 3931 rege
1620 3866 1873 3914 Balduiuo
1906 3867 1937 3913 11
1970 3865 2332 3914 confirmatum

159 3937 368 3988 Venetis
397 3937 760 4004 imponuntur,
781 3937 928 4002 cujus
959 3950 1135 3987 tenore
1167 3939 1346 3989 iisdem
1365 3958 1577 4006 quoque
1608 3941 1814 3989 ccclesia
1845 3953 1890 3989 ct
1922 3957 2044 4004 ruga
2067 3940 2115 3988 iu
2137 3941 2330 3989 civitate
