2684 4244
315 160 414 208 216
1247 153 1541 212 Regesta

310 230 2476 241 ——--———-——-———-————-————-———-————-—-——-———————-—-——.-—

310 336 372 385 de
399 337 631 399 Busarra,
653 336 914 385 Johannes
943 335 1006 384 de
1035 336 1385 402 RanquiroliS,
1416 338 1534 402 Ugo
1563 338 1625 386 de
1655 338 1921 403 CorboliO,
1950 338 2138 404 Helyas
2167 339 2474 390 Monachus

311 411 496 459 Datum
527 425 618 475 per
644 425 860 459 manum
894 409 1120 474 magistri
1147 411 1396 460 Johannis
1425 411 1487 460 de
1515 412 1780 462 Borbonio
1809 411 1977 475 (Liber
2004 411 2195 476 jurium
2224 413 2259 478 Ι,
2289 430 2339 479 p.
2374 429 2474 478 522

306 512 379 518 -—
399 501 516 549 523,
558 484 658 533 No,
687 499 822 548 4773
877 484 938 533 cf.
969 484 1214 534 Archives
1250 485 1299 535 d.
1329 485 1467 535 miss
1498 485 1731 551 scientif.,
1759 486 1791 536 1.
1822 502 1863 536 c.
1894 487 1951 552 ΙΙ,
1991 503 2040 553 p.
2075 503 2205 552 3523
2259 487 2410 555 Heyd
2439 486 2475 550 I,

307 575 356 624 p.
390 557 711 623 322—323).
2361 558 2475 610 807

388 652 537 702 1205
566 652 716 717 (Aug.
748 654 995 717 20—27).
1038 655 1236 705 Romae
1266 656 1404 721 apud
1433 655 1484 706 S.
1505 656 1729 706 Petrum.
1762 685 1828 691 —
1859 655 2191 706 Innocentius
2220 657 2281 707 III
2310 656 2476 724 (prae-

308 727 507 778 sulibus
525 727 735 792 Galliae)
754 728 977 792 mandat,
998 741 1246 779 moneant
1273 729 1590 796 Philippum,
1620 747 1793 795 regem
1814 730 2151 795 Francorum,
2183 744 2238 781 ut
2264 732 2328 781 ad
2354 733 2477 782 sub-

309 802 500 852 sidium
538 802 728 851 Terrae
769 802 980 852 Sanctae
1019 804 1303 869 prudenter
1331 817 1378 853 et
1405 817 1640 870 potenter
1665 805 1909 868 intendat,
1940 821 2087 869 quae,
2115 804 2395 870 patriarcha
2421 822 2479 855 ac

307 893 428 941 rege
456 876 691 940 mortuiS,
733 875 925 926 viribus
954 893 1115 943 paene
1155 877 1391 927 destituta
1418 878 1495 937 sit,
1525 877 1821 943 praesertim
1850 894 2016 943 quum
2045 878 2194 928 multi
2223 879 2478 945 peregrini

308 963 354 1000 et
397 950 669 1015 indigenae
710 951 1221 1018 Constantinopolim
1274 952 1487 1018 profecti
1529 952 1643 1002 sint.
1701 953 1820 1001 Huc
1861 952 2117 1016 accedere,
2162 953 2307 1018 quod
2348 953 2480 1004 inter

308 1024 550 1074 comitem
567 1024 954 1091 Tripolitanum
982 1038 1030 1074 et
1056 1042 1231 1090 regem
1251 1026 1527 1075 Armeniae
1555 1026 1719 1075 variae
1748 1026 2105 1076 contentiones
2134 1038 2336 1077 exortae
2363 1027 2479 1091 sint,

306 1097 558 1165 templarii
588 1111 635 1148 et
667 1098 980 1149 Antiocheni
1009 1099 1184 1166 priori,
1219 1100 1533 1166 hospitalarii
1562 1112 1609 1149 et
1635 1100 1919 1167 patriarcha
1953 1100 2311 1151 Antiochenus
2338 1101 2479 1152 alteri

308 1173 522 1238 faveant,
552 1189 608 1222 ac
636 1172 772 1222 filius
791 1172 1033 1238 Saladini,
1053 1173 1302 1224 soldanus
1321 1173 1585 1240 Aleppiae,
1605 1187 1771 1240 partes
1788 1174 1971 1240 prioris
1989 1186 2248 1239 sequatur.
2279 1174 2479 1242 Sepha-

308 1248 492 1297 dinum
510 1263 648 1311 ver0,
668 1246 947 1297 soldanum
965 1248 1187 1314 Aegypti
1216 1261 1263 1297 et
1291 1248 1544 1312 Damasci,
1574 1248 1746 1298 audita
1773 1247 2010 1314 captione
2037 1248 2479 1316 Constantinopo-

308 1322 478 1386 litana,
498 1321 665 1371 statim
681 1334 915 1387 treugam
933 1322 1080 1371 iniise
1099 1338 1220 1372 cum
1240 1322 1485 1371 omnibus
1503 1322 1609 1372 suis
1630 1322 1883 1385 hostibUS,
1903 1334 1959 1372 ut
1977 1338 2157 1372 eorum
2178 1323 2481 1374 exercitibus

307 1394 510 1460 adjutus
550 1395 851 1445 christianos
892 1395 1180 1446 debellaret.
1236 1396 1420 1458 Quum
1459 1413 1581 1446 vero
1621 1397 1816 1461 PetrUS,
1857 1396 1906 1447 S.
1939 1395 2166 1446 Marcelli
2195 1396 2480 1461 cardinaliS,

309 1470 359 1520 S.
380 1473 442 1519 A.
472 1469 684 1535 legatuS,
713 1485 897 1519 omnes
923 1470 1225 1520 christianos
1244 1470 1296 1520 in
1315 1487 1477 1536 regno
1497 1471 2076 1537 Constantinopolitano
2095 1487 2264 1521 unum
2282 1487 2481 1522 annum

308 1556 568 1594 morantes
596 1562 623 1593 a
650 1555 772 1594 voto
802 1544 966 1593 crucis
994 1544 1284 1609 absolverit,
1312 1545 1606 1595 timendum
1635 1562 1760 1610 esse,
1790 1561 1856 1595 ne
1885 1545 2122 1595 Saraceni
2140 1546 2201 1595 ad
2220 1562 2482 1613 occupan-

308 1619 436 1668 dum
463 1618 731 1668 residuum
757 1619 948 1668 Terrae
988 1618 1200 1668 Sanctae
1239 1619 1534 1669 animentur
1573 1619 1888 1687 (Bre'quigny
1915 1620 1956 1669 II
1970 1621 2025 1686 B,
2066 1636 2116 1687 p.
2149 1637 2177 1674 7
2190 1637 2340 1686 59—-
2356 1621 2480 1684 760,

306 1694 415 1742 No:
448 1706 573 1758 125;
617 1693 796 1757 Migne
824 1693 880 1757 II,
910 1709 959 1759 p.
993 1694 1302 1758 698-699,
1332 1694 1433 1744 No,
1474 1702 1598 1759 1253
1642 1694 1888 1759 Potthast,
1916 1695 2018 1744 No.
2052 1694 2228 1760 2571).
2365 1693 2482 1744 808

443 1826 473 1852 „
553 1787 737 1839 Octob.
769 1807 845 1853 11,
876 1788 982 1839 ind.
1003 1789 1087 1839 IX.
1117 1790 1276 1856 Apud
1306 1789 1355 1840 S.
1377 1789 1626 1856 Sophiam
1647 1789 2118 1857 Constantinopoli.
2152 1819 2225 1825 —
2247 1790 2482 1842 Thomas

308 1864 660 1928 MarrocenUS,
705 1863 989 1930 patriarcha
1032 1864 1659 1930 ConstantinopolitanUS,
1715 1863 1956 1915 ecclesiae
2010 1864 2059 1915 S.
2096 1865 2287 1915 Mariae
2338 1865 2482 1916 vallis

305 1938 547 2004 Josaphat
574 1954 664 2004 per
692 1953 910 1987 manum
939 1942 999 1989 A.
1031 1938 1221 1988 abbatis
1250 1939 1517 1988 ecclesiam
1546 1939 1596 1989 S.
1618 1939 1808 1989 Mariae
1837 1939 1900 1988 de
1927 1939 2175 1990 Taranito
2203 1939 2258 1990 in
2285 1939 2482 1993 civitate

305 2012 761 2079 Constantinopoli
797 2029 855 2062 ea
895 2013 1197 2063 conditione
1237 2013 1473 2063 concedit
1511 2025 1560 2063 et
1598 2013 1766 2079 sigillo
1805 2013 2090 2079 confirmat,
2131 2025 2189 2064 ut
2226 2014 2323 2064 sibi
2360 2014 2482 2065 inde

303 2086 487 2136 libram
515 2103 657 2136 cerae
686 2098 733 2136 et
759 2087 942 2136 libram
959 2087 1124 2137 thuris
1143 2088 1410 2138 annuatim
1429 2088 1659 2138 reddant.
1690 2088 1903 2138 Factum
1922 2105 2061 2139 anno
2079 2088 2446 2156 patriarchatus
2463 2089 2483 2139 I

304 2160 628 2226 (Delaborde,
657 2178 706 2228 p.
739 2178 973 2227 94—95,
1003 2163 1104 2212 No,
1134 2163 1238 2228 45).
2364 2161 2481 2212 809

383 2257 532 2306 1206
560 2258 707 2308 Febr.
736 2286 810 2293 —-
835 2258 1098 2323 Juliana,1)
1139 2258 1354 2309 domina
1382 2259 1675 2323 Caesareae,
1715 2274 1926 2308 assensu
1965 2257 2133 2307 mariti
2171 2258 2383 2326 Aymari
2415 2259 2478 2310 de

303 2332 494 2383 Lairon
515 2333 550 2395 2)
581 2345 628 2382 et
655 2332 745 2382 filii
775 2332 984 2383 Galterii
1025 2333 1207 2383 domui
1234 2333 1692 2383 Theutonicorum
1732 2333 1918 2383 domos
1957 2336 2305 2398 AcconenseS,
2346 2349 2479 2399 quae

304 2408 517 2458 fuerunt
546 2407 758 2472 Georgii
785 2406 1081 2472 Lorminae,
1124 2419 1172 2456 et
1198 2407 1390 2457 voltam
1417 2407 1664 2457 Bernardi
1691 2406 1924 2457 Falcillae
1965 2423 2171 2457 necnon
2209 2407 2477 2474 gastinam,

303 2498 436 2547 quae
478 2482 682 2531 easdem
721 2494 769 2531 et
796 2482 1016 2531 domum
1045 2482 1177 2531 Petri
1206 2482 1268 2531 de
1295 2483 1557 2547 Beugrant
1595 2480 1868 2547 interjacet,
1910 2499 1938 2531 a
1965 2481 2043 2531 via
2071 2481 2278 2548 publica
2311 2498 2479 2548 usque

302 2556 364 2605 ad
393 2556 543 2605 aliam
571 2555 707 2605 viam
735 2555 994 2622 publicam
1024 2572 1201 2606 versus
1230 2572 1387 2621 mare,
1428 2569 1684 2623 praeterea
1711 2569 1905 2606 turrem
1939 2556 2140 2605 Mallart
2167 2572 2287 2606 cum
2315 2556 2479 2623 platea

303 2629 634 2695 antejacente‚
677 2647 808 2696 quae
848 2630 1176 2696 protenditur
1213 2647 1381 2697 usque
1422 2631 1485 2680 ad
1524 2630 1834 2681 divisionem
1871 2630 2112 2695 gastinae,
2151 2647 2284 2696 quae
2313 2643 2388 2681 est
2415 2631 2479 2681 de

301 2705 528 2771 Templo
547 2705 781 2771 Domini,
801 2704 988 2755 deinde
1006 2705 1156 2755 aliam
1175 2722 1383 2772 parvam
1411 2718 1606 2755 turrem
1634 2705 1756 2755 huic
1783 2704 2076 2771 oppositam
2103 2716 2151 2755 et
2177 2704 2232 2754 in
2260 2717 2479 2756 cantone

301 2795 575 2829 murorum
608 2779 819 2829 civitatis
858 2779 1007 2829 sitam
1035 2797 1062 2829 a
1090 2791 1229 2846 parte
1270 2780 1504 2830 orientali
1544 2779 1693 2845 (quae
1732 2779 2017 2846 praedictae
2056 2792 2221 2830 turres
2260 2779 2478 2830 domino

302 2854 596 2917 Caesareae,
638 2854 889 2919 quamdiu
929 2854 992 2903 ad
1032 2854 1391 2904 defensionem
1434 2866 1611 2904 contra
1653 2855 1827 2904 hostes
1869 2870 2003 2920 opus
2046 2853 2135 2918 sit,
2178 2854 2477 2919 tradantur),

302 2928 488 2977 deinde
528 2944 786 2994 campum,
828 2928 918 2994 qui
959 2928 1054 2978 fuit
1093 2928 1334 2979 dominae
1374 2928 1574 2978 Brimae
1603 2941 1650 2978 et
1678 2929 1738 2977 ab
1776 2928 2040 2978 occidente
2080 2928 2230 2978 habet
2267 2928 2479 2979 hortum

302 3002 581 3068 Hospitalis
617 3015 665 3051 et
703 3020 730 3051 a
770 3003 981 3052 meridie
1022 3019 1266 3069 campum
1306 3003 1506 3053 domini
1546 3002 1774 3070 Aymari,
1815 3004 1876 3051 ab
1918 3002 2114 3052 oriente
2152 3002 2304 3067 viam,
2345 3019 2478 3067 quae

301 3093 540 3143 campum
572 3076 746 3143 ipsum
773 3090 821 3127 et
849 3094 1091 3144 campum
1130 3077 1332 3128 domini
1372 3077 1617 3144 Symonis
1657 3077 1852 3143 dividit,
1894 3094 1921 3125 a
1948 3076 2296 3142 septentrione
2325 3076 2476 3141 viam,

301 3169 434 3217 quae
463 3150 643 3201 dividit
671 3151 844 3218 ipsum
873 3168 1117 3218 campum
1145 3152 1389 3202 dominae
1418 3152 1657 3216 Grossae,
1687 3152 1859 3201 donat.
1910 3151 2126 3217 Insuper
2152 3149 2321 3216 sigillo
2351 3166 2478 3201 con-

300 3225 480 3290 firmat,
527 3242 658 3291 quae
700 3226 963 3276 Johannes
1006 3227 1192 3277 Charle
1237 3243 1450 3276 assensu
1506 3226 1677 3276 matris
1732 3238 1780 3275 et
1822 3225 1984 3275 fratris
2027 3224 2223 3292 Helyae
2267 3241 2477 3275 necnon

301 3301 491 3350 sororis
510 3300 753 3350 dominae
773 3301 1097 3367 Orgoillosae
1126 3314 1173 3350 et
1200 3318 1352 3368 supra
1383 3301 1642 3351 dictorum
1660 3300 1828 3350 eidem
1847 3298 2088 3366 hospitali
2107 3299 2244 3349 dedit
2260 3299 2477 3350 scilicet:

301 3375 340 3424 II
370 3392 596 3442 campOS,
637 3375 848 3425 hortum
876 3388 924 3425 et
950 3392 1137 3440 aream,
1167 3392 1299 3441 quae
1328 3388 1401 3425 est
1428 3376 1481 3425 in
1510 3375 1670 3442 capite
1698 3373 1893 3441 campi;
1926 3390 2064 3424 unus
2092 3373 2311 3424 istorum
2339 3389 2477 3423 cam-

300 3466 492 3515 porum
531 3450 684 3499 habet
722 3466 983 3516 campum,
1024 3450 1077 3499 in
1106 3466 1214 3516 quo
1244 3463 1319 3500 est
1345 3449 1533 3512 agullia
1561 3450 1610 3500 S.
1642 3449 1789 3513 Petri,
1831 3466 1859 3497 a
1885 3460 2025 3514 parte
2064 3447 2386 3512 occidentali,
2415 3449 2477 3498 ab

302 3523 496 3573 oriente
526 3524 859 3574 continuatur
887 3540 1087 3591 camp0,
1108 3524 1197 3590 qui
1227 3524 1322 3574 fuit
1349 3523 1575 3574 Rainerii
1606 3524 1668 3573 de
1688 3522 1944 3586 Gibeleth,
1973 3522 2028 3571 in
2056 3537 2164 3587 quo
2193 3521 2288 3572 fuit
2304 3538 2478 3588 quon-

302 3598 421 3647 dam
448 3598 613 3662 vinea,
643 3615 670 3647 a
699 3597 912 3648 meridie
939 3598 1179 3648 adhaeret
1205 3599 1330 3663 viae,
1361 3615 1494 3664 quae
1534 3610 1731 3664 separat
1769 3598 1980 3646 hortum
2014 3596 2388 3662 archiepiscopi
2415 3597 2477 3646 ab

301 3671 414 3737 ipso
444 3688 644 3738 campO,
686 3690 712 3721 a
740 3672 1090 3739 septentrione
1130 3673 1281 3722 habet
1319 3672 1470 3737 viam,
1512 3689 1645 3738 quae
1674 3671 1816 3721 ducit
1842 3672 1904 3720 ab
1937 3671 2249 3737 Hadaydon,
2291 3682 2339 3720 et
2364 3686 2479 3720 area

303 3745 433 3795 dicta
472 3746 709 3812 superior
747 3758 822 3796 est
848 3747 903 3796 in
931 3747 1091 3813 capite
1129 3745 1284 3810 hujus
1324 3747 1508 3813 campi.
1564 3746 1712 3796 Alius
1740 3761 1953 3811 campus
1983 3757 2055 3794 est
2082 3760 2238 3810 super
2265 3743 2388 3810 ipsis
2414 3745 2477 3793 ab

304 3820 500 3870 oriente
540 3833 587 3870 et
624 3832 812 3886 parvus
852 3821 1014 3888 paries
1054 3838 1142 3871 eos
1183 3821 1388 3880 dividit;
1431 3838 1457 3870 a
1497 3833 1637 3887 parte
1677 3819 1959 3869 meridiana
1998 3818 2237 3868 adhaeret
2275 3834 2475 3885 campo,

425 3942 458 3995 1)
492 3940 564 3984 Cf.
589 3940 794 3997 Eracles,
818 3956 862 4001 p.
889 3941 986 4001 306.
1145 3942 1182 3996 2)
1214 3939 1346 3999 Ibid.,
1368 3955 1412 4000 p.
1437 3942 1539 4001 306,
1563 3954 1811 4002 310—312,
1836 3954 1935 4000 347,
1960 3937 2060 4001 388.
