2684 4244
923 159 1054 216 regni
1079 158 1514 218 Hierosolymitani.
2214 182 2305 222 loo

138 341 310 406 gerius
350 341 411 390 de
452 343 609 408 Cayfa
655 356 700 391 et
741 343 1018 403 JohanneS,
1066 343 1213 391 frater
1256 341 1381 406 ejus,
1424 343 1739 404 Willelmus,
1783 345 1913 408 regis
1959 346 2307 403 marescalum,

139 414 400 465 Giraudus
444 417 505 465 de
551 418 768 479 Conins,
814 417 1069 465 Henricus
1114 418 1175 465 de
1221 417 1486 479 Gilebelet,
1532 418 1844 482 Balduinus,
1891 418 2310 483 consanguineus

139 488 363 552 Rogerii,
405 490 648 539 Clemens
689 490 873 553 Rufus,
916 491 1110 556 dapifer
1151 491 1349 539 domini
1390 491 1594 556 Cayfae,
1626 493 1871 542 Vivianus
1907 492 2208 542 vicecomes
2239 518 2301 530 -ι

138 563 403 627 Vivianus,
425 564 670 614 dominus
689 564 894 631 Cayfae,
915 582 1032 613 cum
1054 582 1211 614 uxore
1231 564 1453 613 Beatrice
1483 578 1530 614 et
1558 565 1665 615 filio
1684 567 1889 630 pagano
1909 565 2124 632 ejusque
2150 584 2310 616 uxore

139 636 403 686 Hodierna
432 638 599 702 sigillo
629 639 854 687 chartam
883 638 1152 688 confirmat
1182 639 1428 701 (Roziere,
1459 656 1507 704 p.
1544 656 1850 705 231—232,
1880 642 1980 690 No.
2020 658 2143 702 127,
2190 642 2311 690 Lois

140 709 235 775 [ed.
255 711 505 776 Beugnot]
529 713 585 776 II,
607 730 654 778 p.
679 715 983 778 525—526,
1004 714 1103 762 ΝΟ.
1124 731 1184 778 41
1212 730 1222 774 3
1257 714 1448 777 Migne,
1470 730 1517 778 p.
1538 731 1548 762 1
1566 731 1591 762 2
1609 732 1621 762 1
1639 716 1770 763 8——1
1788 732 1908 778 219,
1929 716 2028 764 No.
2046 733 2056 763 1
2076 715 2175 778 27).
2195 713 2312 762 418

240 798 407 849 1165.
443 830 501 836 —
534 802 821 851 Balduinus
852 803 912 850 de
944 801 1224 865 Mirabella,
1255 801 1390 851 filius
1430 802 1673 865 Barisani,
1717 804 1770 852 in
1799 804 2082 869 praesentia
2111 818 2158 852 et
2187 821 2311 854 con-

135 874 250 923 silio
280 874 454 924 uxoris
483 876 764 939 R(ichildis)
795 889 842 925 et
872 876 1033 925 fratris
1061 877 1286 925 Barisani
1317 876 1498 924 domui
1527 877 1805 943 Hospitalis
1845 877 2032 943 petiam
2071 892 2228 927 terrae
2258 879 2311 927 in

135 949 391 998 territorio
420 949 715 999 Mirabellae
745 949 977 1013 ejusdem
1005 950 1286 1016 Hospitalis
1322 951 1499 999 vineae
1540 951 1835 1015 contiguam
1878 952 2126 1016 concedit,
2167 951 2311 1015 cujus

136 1023 228 1073 uni
256 1022 397 1072 lateri
426 1022 619 1087 adjacet
647 1038 776 1073 terra
806 1025 854 1074 S.
886 1025 1076 1088 Lazari,
1118 1024 1258 1073 alteri
1298 1024 1392 1088 via,
1434 1041 1566 1089 quae
1597 1026 1737 1075 ducit
1764 1027 1825 1074 ad
1857 1025 2015 1075 casale
2046 1027 2235 1075 Roardi
2266 1041 2313 1075 et

134 1096 416 1163 specialiter
444 1099 506 1147 ad
536 1098 756 1148 vineam.
786 1127 859 1132 —
887 1098 1158 1163 Galterius,
1187 1099 1470 1148 vicecomes
1500 1098 1808 1163 Mirabellae,
1828 1100 2134 1165 Aimericus,
2165 1100 2314 1149 frater

135 1171 322 1238 Filippi
351 1172 413 1221 de
443 1173 735 1238 Caphrano,
764 1174 1018 1222 Jordanus
1046 1173 1248 1236 Ybelin,
1278 1173 1603 1238 Osmundus,
1624 1174 1967 1238 Hancherius,
2000 1176 2210 1223 Mozart.
2240 1203 2313 1209 ——

134 1246 317 1295 Eidem
360 1246 615 1312 Hospitali
658 1247 961 1311 BalduinuS,
1008 1247 1255 1312 quicquid
1300 1246 1422 1311 juris
1466 1246 1518 1296 in
1562 1248 1709 1296 vinea
1755 1248 1925 1311 habet,
1973 1264 2129 1313 quam
2174 1249 2313 1297 dedit

137 1321 417 1370 Menardus
436 1320 649 1386 ejusque
680 1337 826 1384 uxor,
857 1335 903 1370 et
932 1322 984 1370 in
1013 1322 1178 1384 vinea,
1200 1338 1330 1386 quae
1351 1322 1445 1371 fuit
1462 1322 1680 1371 Huberti
1701 1322 2032 1386 patriarchae,
2052 1338 2311 1371 consensu

133 1395 342 1444 Jordani
371 1396 434 1444 de
464 1394 701 1459 Ybeli(n),
736 1396 963 1445 Barisani
1006 1396 1166 1445 fratris
1197 1410 1243 1445 et
1272 1395 1551 1460 R(ichildis)
1582 1396 1756 1445 uxoris
1785 1397 2020 1446 concedit
2048 1410 2095 1445 et
2124 1397 2311 1445 confir-

135 1482 255 1520 mat.
284 1497 357 1504 ——
385 1469 678 1520 Guilelmus
698 1470 759 1519 de
780 1471 1072 1535 CaphranO,
1093 1470 1337 1519 Nicolaus
1356 1471 1418 1519 de
1438 1470 1676 1533 Ybelino‚
1698 1471 1991 1520 Gualterius
2010 1470 2310 1535 vicecomes,

135 1543 479 1608 Osmundius,
499 1544 808 1594 Ancherius.
839 1545 1051 1593 Factum
1070 1559 1300 1610 tempore
1321 1544 1481 1593 fratris
1500 1544 1695 1594 Oldini.
1712 1545 1743 1608 1)
1774 1544 2036 1607 (Delaville
2056 1544 2102 1594 le
2122 1545 2310 1607 Roulx,

136 1634 184 1684 p.
217 1635 488 1684 99—-100,
520 1620 618 1669 ΝΟ.
653 1636 718 1668 20
750 1617 827 1683 [cf.
859 1636 907 1684 p.
949 1617 1054 1683 16];
1099 1620 1266 1682 Prutz,
1297 1635 1345 1684 p.
1379 1636 1463 1683 99,
1495 1619 1594 1668 ΝΟ.
1636 1620 1728 1683 19).
2195 1618 2311 1666 419

259 1697 293 1750 ¹)
326 1694 528 1739 Oldinus
551 1694 754 1747 Rollant,
778 1706 1062 1753 praeceptor
1083 1695 1273 1753 Spinae,
1296 1694 1627 1753 intelligendus
1653 1705 1737 1739 est.

208 1772 226 1837 (
290 1810 321 1836 „
388 1769 470 1839 c.).
498 1801 573 1807 —
601 1773 878 1837 Walterus,
908 1774 1145 1839 princeps
1174 1773 1443 1837 Galilaeae,
1473 1772 1642 1838 sigillo
1671 1772 1954 1837 confirmat,
1984 1773 2309 1835 discordiam,

134 1863 267 1913 quae
295 1847 614 1913 aliquamdiu
644 1847 774 1897 inter
802 1848 1080 1897 canonicos
1110 1847 1159 1897 S.
1190 1847 1460 1914 Sepulchri
1489 1861 1537 1897 et
1564 1847 1883 1912 Gnidonem,
1912 1847 2076 1897 filium
2107 1849 2309 1898 Arnulfi

135 1922 396 1986 Monachi,
417 1922 712 1987 agitabatur,
733 1923 982 1972 sublatam
999 1922 1178 1984 fuisse;
1211 1922 1514 1972 Guidonem
1543 1922 1682 1971 enim
1710 1921 1868 1971 casale
1889 1922 2048 1972 Gibul
2077 1923 2129 1971 in
2158 1938 2310 1972 mon-

133 1997 262 2046 tanis
290 1997 460 2061 situm,
492 1997 573 2046 cui
602 1997 768 2046 vicina
797 2010 918 2047 sunt
945 2000 1005 2047 ab
1036 1997 1302 2046 occidente
1322 1997 1501 2045 casalia
1519 1996 1760 2061 Hubelet,
1782 1998 2013 2060 Dersoet,
2035 1997 2308 2061 Derlauha,

134 2071 303 2135 Kafra,
334 2088 361 2120 a
389 2072 737 2138 septentrione
757 2072 976 2137 Coquet,
1005 2073 1048 2122 C
1077 2071 1303 2120 bisantiis
1332 2071 1547 2137 acceptis
1576 2070 1720 2120 dictis
1750 2072 2008 2120 canonicis
2038 2071 2308 2121 remisisse.

132 2146 312 2196 Testes
341 2159 396 2195 ut
424 2162 579 2212 supra
599 2146 717 2208 (No.
734 2163 795 2211 41
812 2146 880 2210 7),
901 2147 989 2196 sed
1009 2148 1147 2196 deest
1166 2146 1457 2194 Rodbertus
1477 2146 1850 2211 Neapolitanus
1870 2145 2117 2210 (Roziere,
2137 2163 2185 2211 p.
2208 2148 2308 2195 226

131 2237 331 2286 —227,
363 2221 462 2270 ΝΟ.
503 2237 627 2286 123;
670 2221 793 2270 Lois
825 2219 919 2285 [ed.
949 2218 1202 2286 Beugnot]
1235 2221 1288 2284 ll,
1318 2237 1367 2286 p.
1395 2237 1696 2285 529—530,
1726 2221 1912 2285 N0.45
1949 2218 2026 2285 [ad
2057 2237 2096 2270 c.
2129 2219 2307 2285 117o];

136 2294 329 2360 Migne,
359 2311 408 2361 p.
450 2297 823 2360 1215—-1216,
855 2296 953 2345 ΝΟ.
994 2296 1125 2361 123).
2196 2293 2311 2342 420

209 2384 226 2448 (
292 2423 323 2448 ,,
389 2384 469 2448 c.).
528 2385 583 2433 In
623 2385 793 2434 tabula
834 2385 883 2434 S.
916 2384 1184 2450 Sepulchri
1229 2384 1458 2432 censoria
1498 2398 1869 2433 enumerantur
1908 2384 2070 2432 bona:
2114 2384 2169 2432 In
2199 2383 2311 2432 vico

136 2460 330 2509 Montis
369 2459 497 2509 Sion
541 2460 745 2523 domus,
787 2476 913 2525 quas
954 2460 1144 2507 habent
1177 2458 1468 2507 Willelmus
1507 2458 1762 2521 Angevin,
1803 2458 1965 2507 Maria
2004 2458 2310 2521 Lechevere,

133 2534 395 2584 johannes
423 2534 808 2598 Libisonorum,
837 2534 1030 2597 Turoz,
1062 2532 1283 2598 Mahafe,
1314 2532 1484 2596 Litart,
1513 2533 1776 2582 Johannes
1805 2532 2065 2595 Raimont,
2117 2532 2169 2581 in
2198 2533 2311 2581 vico

135 2608 186 2658 S.
208 2609 441 2658 Martini:
472 2609 723 2658 Ricardus
752 2609 981 2674 Capons,
1013 2609 1206 2670 Petrus,
1237 2608 1423 2671 Baton,
1445 2606 1758 2657 Guillelmus
1776 2606 1986 2670 TortUS,
2019 2607 2312 2673 Stephanus

135 2683 197 2732 de
226 2684 417 2745 Kaors;
449 2682 576 2750 Seyr
604 2683 871 2746 Surianus,
900 2683 1168 2745 Bulfarage
1198 2681 1446 2746 medicus,
1488 2681 1541 2730 in
1570 2682 1681 2730 vico
1701 2681 1903 2731 Girardi
1931 2681 2310 2730 Lissebonette:

136 2757 169 2807 S
200 2797 383 2808 .....
390 2797 402 2822 ,
448 2758 641 2821 Petrus,
687 2757 739 2806 in
780 2758 892 2806 vico
932 2757 1166 2822 Templi:
1213 2756 1505 2805 Bernardus
1542 2756 1768 2819 BenasiS,
1811 2756 1930 2804 Odo
1960 2756 2022 2804 de
2064 2755 2310 2822 Sparnay,

134 2833 427 2882 Bernardus
457 2833 696 2896 Muletez,
722 2832 1015 2881 Bernardus
1040 2831 1249 2893 Bruhet,
1280 2831 1442 2879 Dame
1473 2830 1638 2894 Gode,
1670 2831 1847 2879 Petrus
1877 2831 1938 2879 de
1966 2831 2169 2896 Joppen
2197 2844 2311 2879 ante

135 2905 380 2972 palatium
409 2906 738 2972 patriarchae,
781 2907 831 2955 in
864 2906 975 2955 vico
1005 2906 1065 2954 de
1093 2906 1324 2970 Repoes:
1357 2904 1649 2970 Stephanus
1670 2906 1878 2968 Mazun,
1900 2905 2066 2954 Selam
2090 2906 2313 2968 Mazum,

134 2981 286 3030 Brain
306 2981 590 3045 drogeman
622 2994 670 3030 et
699 2998 838 3030 unus
869 2981 1051 3030 furnus
1081 2993 1242 3041 retro;
1274 2979 1393 3028 istae
1413 2980 1602 3028 domus
1621 2979 1828 3028 fuerunt
1849 2979 2055 3028 Martini
2074 2980 2311 3028 Karaone

137 3067 186 3104 et
212 3054 302 3104 filii
331 3054 440 3120 ejus
469 3057 650 3105 Bonet.
706 3056 850 3106 Uxor
879 3055 1008 3103 Petri
1039 3055 1101 3103 de
1132 3054 1354 3119 Yspania
1384 3053 1509 3102 olim
1537 3070 1685 3103 soror
1713 3053 1762 3103 S.
1795 3053 2066 3120 Sepulchri
2097 3053 2147 3102 in
2178 3053 2313 3117 ejus-

135 3130 255 3179 dem
283 3130 435 3179 horto
455 3130 744 3179 Acconensi
775 3142 976 3178 mortua
1006 3127 1197 3177 dimisit
1216 3128 1451 3192 domum,
1472 3145 1603 3193 quae
1633 3127 2010 3195 Hierosolymis
2039 3128 2130 3177 sita
2160 3143 2231 3177 est
2259 3129 2312 3177 in

135 3220 261 3269 ruga
280 3205 595 3271 Marescalky
623 3205 703 3254 vel
731 3204 784 3253 in
814 3221 938 3268 ruga
968 3204 1016 3252 S.
1035 3203 1346 3266 Anastasiae,
1368 3203 1488 3251 item
1506 3204 1797 3252 Bernardus
1815 3203 2078 3252 Bedevvin
2097 3203 2313 3251 vicarius

136 3291 184 3327 et
211 3278 463 3328 confrater
490 3279 658 3328 eidem
687 3278 966 3327 conventui
1007 3277 1197 3326 dimisit
1239 3278 1459 3326 domum
1499 3293 1647 3326 suam
1692 3278 1743 3327 in
1784 3278 1894 3326 vico
1938 3278 1987 3327 S.
2018 3277 2312 3326 Anastasiae

136 3353 316 3402 domui
335 3353 528 3402 Alberti
547 3353 827 3402 Lumbardi
848 3353 1083 3401 vicinam.
1115 3352 1254 3400 Haec
1282 3364 1402 3400 sunt
1428 3351 1641 3401 nomina
1659 3351 1985 3416 singulorum
2008 3352 2310 3401 furnorum:

136 3427 189 3476 in
217 3428 330 3477 vico
360 3427 539 3492 David,
580 3442 694 3477 ante
724 3441 920 3493 portam
953 3426 1001 3475 S.
1032 3426 1221 3491 Jacobi,
1264 3440 1377 3475 ante
1408 3427 1624 3475 domum
1655 3427 1845 3475 Roardi
1881 3427 2155 3484 castellani,
2198 3441 2312 3474 ante

137 3500 400 3551 ecclesiam
432 3502 480 3553 S.
514 3502 736 3565 Martini,
768 3502 819 3550 in
849 3502 1024 3563 domo,
1056 3516 1187 3565 quae
1218 3514 1426 3549 vocatur
1455 3501 1697 3550 Gileberti
1729 3502 1791 3550 de
1822 3500 2067 3567 Pingeny,
2108 3502 2170 3549 de
2202 3501 2312 3549 vico

139 3576 333 3625 Montis
362 3576 523 3642 Syon,
561 3590 676 3626 ante
717 3576 979 3625 ecclesiam
1023 3575 1071 3623 S.
1103 3574 1338 3623 Tltomae
1368 3575 1799 3637 Alemannorum,
1843 3575 2024 3624 furnus
2065 3575 2114 3624 S.
2147 3576 2311 3639 Egidii

137 3650 191 3699 in
219 3650 332 3700 vico
350 3650 575 3717 Templi,
606 3663 720 3700 ante
751 3649 1061 3711 bocheriam,
1091 3649 1152 3697 de
1181 3649 1226 3697 la
1244 3649 1522 3714 Tannerie,
1544 3649 1779 3698 Rainaldi
1810 3649 1860 3698 in
1891 3649 2003 3698 vico
2034 3649 2313 3704 Kocatrice.

137 3725 449 3789 Anastasiae,
480 3726 542 3774 de
573 3725 782 3790 RepoiS,
822 3725 883 3772 de
912 3723 1135 3772 Judairia
1164 3735 1279 3772 ante
1309 3736 1509 3788 portam
1541 3724 1590 3773 S.
1623 3723 1835 3789 Helyue,
1867 3724 1918 3772 in
1948 3724 2150 3773 lud-aria
2180 3738 2313 3772 retro

139 3797 188 3848 S.
219 3799 432 3863 Agnetis
462 3816 636 3849 versus
666 3799 950 3860 Orientem,
994 3813 1161 3846 novus
1190 3797 1242 3845 in
1271 3798 1488 3860 Judaria,
1534 3798 1737 3846 Martini
1771 3799 2023 3854 Karaoan,
2065 3800 2125 3846 ad
2162 3811 2312 3863 caput

138 3872 233 3922 vici
264 3873 463 3922 Girardi
494 3874 555 3922 de
587 3874 882 3932 Lissebone,
926 3872 976 3920 in
1008 3872 1119 3919 vico
1149 3872 1211 3919 de
1239 3872 1566 3929 'l‘resmaiIcs‘‚
1608 3874 1669 3921 de
1708 3872 1820 3919 vico
1862 3873 1911 3921 S.
1944 3872 2206 3937 Stephani,
2251 3873 2311 3920 de

139 3947 412 4011 Columba,
443 3948 504 3996 de
537 3948 771 3996 Russ'eide
803 3946 935 4010 juxta
968 3947 1016 3995 S.
1050 3946 1280 4009 Kariton,
1312 3961 1424 3994 ante
1457 3959 1653 4011 portam
1693 3948 1741 3995 S.
1774 3948 2061 4012 Sepulchri,
2092 3948 2153 3995 dc
2184 3948 2285 3994 (lae
