2684 4244
942 125 1073 183 regni
1094 124 1531 185 Hierosolymitani.
2215 148 2237 190 ς
2254 150 2275 189 r,
2295 149 2307 179 1

146 204 339 211 ----
546 206 625 210 ...ἶῖ
760 204 784 207 „-

147 309 452 359 valencenis
492 310 637 359 militi
678 309 738 358 sit
778 309 1086 357 satisfactum
1128 307 1270 370 (Bibl.
1313 308 1374 356 de
1415 307 1592 357 l'e'cole
1630 308 1678 358 d.
1711 309 1904 357 chastes
1945 311 2095 374 1858,
2131 326 2178 375 p.
2211 311 2317 373 284

143 384 343 448 —285,
375 384 473 433 No.
508 385 571 448 2).
2170 382 2318 431 1338

146 494 455 539 centesimam
481 495 696 541 omnium
722 494 1152 539 ecclesiasticorum
1176 503 1498 551 proventuum
1522 509 1606 551 per
1630 494 2011 552 quinquennium
2035 495 2080 538 in
2104 495 2318 554 ejusdem

144 554 409 598 subsidium
446 554 681 600 concessit
710 554 770 598 ita
797 565 972 610 tamen,
1004 564 1053 597 ut
1088 553 1287 611 pecunia
1322 552 1367 596 in
1404 553 1753 611 Cameracensi,
1787 554 2015 611 Tullensi,
2050 555 2320 610 Leodiensi,

144 614 367 658 Mettensi
383 624 428 658 et
444 613 729 659 Virdunensi
748 613 1018 657 diocesibus
1038 613 1237 657 collecta
1256 614 1313 656 ad
1334 614 1627 669 reparandos
1648 628 1812 658 muros
1832 614 1980 658 Jaffae
1999 620 2139 665 (neve
2160 625 2318 658 tamen

144 687 230 731 per
251 688 421 717 manus
438 673 666 719 Johannis
687 674 744 717 de
759 672 954 729 Ibelino,
979 671 1166 717 comitis
1182 671 1451 730 Joppensis)
1477 672 1777 716 conferretur
1799 673 2119 729 (Paris,Arch.
2141 674 2318 718 nation.

145 732 217 789 T.,
240 747 284 790 p.
307 733 411 790 448,
435 734 524 777 No.
549 734 639 788 81).
685 734 735 776 In
760 732 973 790 Epistola
1010 732 1263 776 Alexandri
1297 732 1358 774 IV
1394 735 1471 786 (10
1496 733 1671 775 Octob.
1705 733 1831 790 1256)
1868 747 2031 777 comes
2066 734 2320 791 Joppensis

147 791 370 836 fratribus
395 793 583 851 Templi
607 791 901 836 Acconensis
921 792 1289 836 commendatur
1313 800 1358 834 et
1382 790 1614 847 laudatur,
1640 793 1772 848 quod
1799 807 1912 849 «pro
1939 792 2155 837 custodia
2181 793 2320 836 castri

143 852 332 917 Joppen
356 867 454 896 non
478 852 636 917 solum
660 851 820 917 omnia
846 853 972 896 bona
992 866 1075 916 sua
1096 850 1287 916 mobilia
1308 860 1354 894 et
1372 864 1471 893 non
1487 850 1679 894 mobilia
1700 862 1745 916 61
1763 866 1861 895 non
1878 852 2319 917 modicampartem

144 925 215 954 sul
231 910 503 969 patrimonii
516 927 610 970 Jam
627 913 831 970 expedit,
846 912 930 955 sed
947 922 1087 954 etlam
1104 925 1235 968 gravi
1253 919 1450 968 propter
1464 910 1557 954 hoc
1572 921 1804 967 premitur
1822 926 2002 955 sarcma
2020 912 2318 955 debitorum»

144 970 332 1028 (Posse,
356 986 398 1028 p.
423 971 464 1027 8,
489 972 579 1016 No.
604 985 686 1030 953
721 971 779 1015 cf.
804 970 1049 1029 Raynaldi,
1072 970 1241 1013 Annal.
1272 969 1396 1027 1256,
1421 970 1448 1024 ξ
1470 969 1560 1027 413).

226 1062 375 1111 1265
405 1064 589 1114 Octob.
615 1065 697 1113 28.
728 1069 923 1113 Accon.
955 1091 1025 1098 —-
1055 1061 1368 1112 Guillelmus
1398 1062 1454 1125 II,
1486 1062 1766 1127 patriarcha
1796 1062 2318 1129 Hierosolymitanus,

143 1138 377 1187 Thomas
404 1139 628 1202 Berardi,
667 1138 892 1204 Templi,
924 1138 1082 1202 Hugo
1113 1137 1286 1199 Revel,
1317 1137 1617 1202 Hospitalis,
1660 1137 1902 1201 magistri,
1946 1137 2228 1187 Gaufridus
2258 1139 2320 1186 de

145 1212 384 1276 Sergines
420 1213 566 1262 miles
595 1226 642 1261 et
670 1211 928 1262 Oliverius
958 1213 1019 1260 de
1048 1211 1307 1260 Termolis
1333 1210 1364 1274 1)
1405 1211 1674 1261 Ludovico
1714 1212 1795 1275 IX,
1838 1212 1943 1275 regi
1985 1212 2319 1275 Francorum,

144 1287 235 1352 qui
263 1287 436 1336 litteris
465 1288 570 1337 suis
599 1287 826 1353 sigillatis
855 1286 1112 1352 pollicitus
1142 1285 1320 1348 fuerat,
1341 1302 1392 1333 se
1413 1285 1677 1350 omnibus,
1700 1285 1790 1351 qui
1810 1302 1976 1351 usque
1995 1287 2057 1335 ad
2078 1286 2143 1335 IV
2164 1286 2322 1335 millia

143 1360 391 1410 librarum
431 1362 827 1411 Turonensium
868 1359 1122 1410 Gaufrido
1164 1359 1309 1408 militi
1351 1372 1397 1408 et
1426 1359 1654 1409 Oliverio
1684 1361 1745 1409 de
1774 1360 2034 1409 Termolis
2074 1361 2321 1409 solvenda

144 1436 508 1499 mutuaverint,
529 1436 699 1502 ipsum
719 1436 1015 1485 soluturum
1035 1451 1159 1498 esse,
1183 1434 1223 1482 si
1241 1434 1430 1482 litterae
1451 1451 1569 1483 cum
1589 1435 1764 1483 litteris
1784 1435 1916 1499 regis
1936 1451 1991 1483 ac
2010 1435 2321 1500 patriarchae

145 1523 192 1559 et
219 1510 584 1574 magistrorum
624 1511 906 1560 domorum
947 1521 1462 1575 repraesentarentur,
1505 1509 1749 1572 scribunt,
1792 1526 2048 1558 consensu
2085 1509 2322 1559 Gaufridi

144 1597 191 1633 et
234 1583 445 1634 Oliverii
490 1585 871 1650 praedictorum
925 1584 1227 1647 magistrum
1269 1583 1477 1648 Templi
1521 1583 1559 1631 II
1604 1583 1760 1632 millia
1805 1597 1851 1632 et
1895 1584 1964 1646 D,
2021 1584 2322 1648 magistrum

144 1658 426 1725 Hospitalis
446 1660 549 1708 MD
570 1659 721 1708 libras
750 1672 935 1708 mutuo
964 1658 1216 1723 accepisse
1246 1674 1272 1705 a
1299 1658 1611 1721 quibusdam
1629 1658 1997 1707 mercatoribus
2017 1658 2322 1707 Placentinis

147 1746 194 1782 et
222 1733 348 1797 aliis,
380 1747 425 1782 et
453 1734 633 1798 sigillis
662 1733 907 1799 appositis
948 1746 1144 1798 petunt,
1187 1745 1241 1780 ut
1271 1733 1323 1780 M
1353 1732 1519 1796 libras,
1560 1733 1795 1797 quamvis
1833 1733 2004 1781 literae
2047 1749 2166 1782 cum
2207 1733 2321 1781 navi

145 1807 416 1872 naufragio
456 1808 715 1874 perierint,
759 1807 1096 1856 creditoribus
1136 1807 1296 1855 solvat
1336 1806 1481 1867 (Bibl.
1524 1807 1585 1855 de
1624 1807 1803 1856 l'e'cole
1845 1808 1891 1856 d.
1935 1808 2130 1856 chartes
2171 1809 2320 1871 1858,

144 1883 667 1948 p.123—125,No.1;
689 1882 750 1931 cf.
769 1899 847 1948 p.1
873 1883 946 1931 16*
967 1899 1016 1929 γῖ1
1042 1894 1165 1945 14et
1180 1881 1240 1929 de
1257 1879 1433 1944 sigillis
1448 1881 1842 1947 Doue'td'Arcq,
1861 1883 2145 1945 Νο.9882).
2174 1880 2322 1928 1339

268 1970 300 2022 ¹)
335 1967 406 2010 De
427 1981 523 2024 quo
549 1966 708 2010 videas
733 1965 961 2010 Rohricht
984 1963 1030 2007 in
1052 1963 1278 2008 Archives
1305 1965 1362 2007 de
1385 1964 1587 2008 l'Orient
1610 1965 1722 2009 latin
1746 1966 1781 2008 II
1798 1966 1853 2023 A,
1882 1980 1927 2023 p.
1952 1981 2051 2025 377,
2072 1981 2175 2023 405.

250 2066 309 2115 ¹„
389 2054 521 2103 Nov.
556 2070 638 2118 23.
682 2052 898 2101 Parisiis.
933 2079 1005 2085 ——
1034 2051 1298 2115 Aegidius,
1341 2052 1758 2118 archiepiscopus
1799 2053 2111 2118 Tyrensis‚1)
2154 2053 2322 2116 O(cta-

143 2127 330 2191 viano),
352 2128 572 2177 diacono
592 2128 835 2176 cardinali
865 2127 914 2176 S.
938 2126 1128 2176 Mariae
1158 2125 1211 2174 in
1241 2126 1318 2174 via
1346 2125 1459 2191 lata,
1490 2144 1542 2175 se
1572 2143 1720 2192 saepe
1750 2129 1838 2176 sed
1869 2127 2051 2176 frustra
2073 2128 2323 2193 petivisse,

144 2215 199 2251 ut
226 2201 459 2251 officium
489 2202 653 2251 crucis
683 2202 1053 2268 praedicandae
1083 2199 1188 2249 suis
1218 2200 1472 2250 debilibus
1507 2202 1737 2250 humeris
1766 2203 2072 2267 deponatur,
2104 2219 2159 2251 ac
2189 2203 2323 2252 dicto

144 2293 301 2326 onere
322 2276 423 2326 fere
443 2277 559 2340 labi,
590 2277 678 2326 sed
708 2293 927 2342 sperare,
960 2275 1229 2338 negotium
1248 2275 1435 2324 Terrae
1457 2275 1669 2325 Sanctae
1698 2278 1760 2325 ad
1792 2278 1992 2326 bonum
2023 2276 2180 2325 tinem
2211 2294 2323 2342 per-

143 2365 422 2400 venturum
462 2368 588 2415 esse,
628 2351 800 2400 scribit
828 2364 874 2399 et
903 2349 1167 2399 ecclesiam
1208 2365 1355 2398 suam
1383 2350 1674 2416 Tyrensem
1716 2351 2047 2400 commendat
2088 2351 2230 2413 (ssibl.
2263 2352 2323 2400 de

144 2424 325 2475 l'e'cole
355 2426 403 2474 d.
434 2427 630 2475 chartes
668 2426 820 2490 1864,
851 2442 900 2491 p.
934 2427 1025 2489 853
1070 2424 1136 2473 IV
1176 2425 1326 2488 1858,
1357 2441 1406 2490 p.
1441 2425 1764 2489 289—290).
2175 2424 2323 2473 1340

270 2511 299 2566 ¹)
333 2510 405 2553 De
431 2524 528 2567 quo
553 2508 796 2566 Rohricht,
820 2507 957 2566 Syria
980 2522 1112 2552 sacra
1134 2508 1181 2551 in
1203 2508 1387 2551 ZDPV.
1412 2508 1469 2565 X,
1492 2522 1536 2565 p.
1569 2509 1631 2553 18.

284 2634 313 2659 „
392 2598 526 2646 Nov.
561 2614 645 2663 23.
682 2596 918 2646 Parisius.
956 2626 1014 2630 —
1049 2595 1312 2659 Aegidius,
1342 2596 1759 2662 archiepiscopus
1787 2596 2052 2662 Tyrensis,
2083 2610 2327 2646 executor

146 2671 337 2735 negotii
366 2672 546 2736 crucis,
576 2672 819 2736 magistro
850 2671 1124 2734 Richardo,
1163 2670 1356 2719 cantori
1384 2670 1712 2736 Tripolitano
1746 2684 1793 2720 et
1822 2671 2075 2720 canonico
2104 2671 2325 2737 Tyrensi

146 2761 202 2794 ac
219 2762 379 2813 papae
399 2747 731 2810 thesaurario,
762 2747 895 2795 inter
923 2745 1019 2794 alia
1049 2745 1234 2808 scribit,
1266 2762 1318 2793 se
1347 2761 1565 2810 sperare,
1594 2746 1862 2809 negotium
1892 2746 2081 2794 Terrae
2113 2746 2324 2795 Sanctae

147 2836 509 2871 successurum
538 2837 664 2885 esse,
693 2834 844 2886 atque
874 2819 1138 2869 ecclesiam
1156 2819 1444 2885 Tyrensem
1475 2820 1822 2869 commendat.
1870 2820 2067 2869 Deinde
2099 2821 2151 2869 in
2180 2822 2325 2869 sche—

148 2894 267 2944 dula
295 2894 442 2945 affixa
471 2896 719 2961 queritur,
741 2895 883 2960 quod
914 2908 1090 2943 votum
1123 2911 1177 2942 ac
1209 2894 1424 2958 pecunia
1442 2894 1632 2943 Terrae
1662 2895 1874 2944 Sanctae
1904 2895 2155 2959 assignata
2186 2912 2327 2944 nunc

147 2968 201 3018 in
229 2970 521 3020 subsidium
549 2971 767 3035 Apuliae
798 2982 1162 3018 convertantur
1190 2980 1237 3016 et
1268 2968 1471 3033 utrique
1501 2981 1660 3018 terrae
1703 2970 1877 3019 utilius
1919 2987 2025 3018 esse
2067 2984 2255 3028 censet,
2286 2970 2326 3017 si

148 3043 278 3092 inter
294 3044 592 3108 Januenses,
612 3045 839 3094 Venetos
870 3057 916 3093 et
944 3044 1156 3092 Pisanos
1186 3060 1280 3108 pax
1310 3055 1357 3091 et
1386 3044 1662 3092 concordia
1691 3044 2070 3107 reformaretur,
2100 3062 2154 3093 ac
2185 3045 2322 3110 petit,

150 3129 205 3166 ut
233 3117 502 3168 efficaciter
528 3120 757 3169 laborare
786 3118 920 3182 velit,
966 3131 1020 3167 ut
1059 3118 1152 3165 sibi
1195 3118 1256 3165 ad
1297 3134 1443 3166 suam
1482 3117 1746 3167 ecclesiam
1776 3119 2065 3184 Tyrensem
2109 3118 2270 3167 redire
2302 3136 2327 3166 a

149 3208 357 3241 summo
401 3193 644 3259 pontifice
685 3194 1005 3260 permittatur
1045 3192 1189 3254 (Bibl.
1233 3192 1294 3240 de
1335 3192 1513 3241 l'ecole
1544 3194 1591 3242 d.
1624 3193 1819 3242 chartes
1860 3195 2010 3258 1858,
2056 3211 2102 3259 p.
2140 3196 2326 3246 287——

152 3267 271 3330 288,
302 3268 401 3317 No,
436 3285 460 3333 3
480 3268 574 3331 ab).
2179 3266 2319 3314 1341

284 3400 316 3426 ,‚
394 3365 515 3414 Dec.
537 3382 619 3415 21.
641 3366 852 3415 Perusii.
873 3394 943 3399 ——
959 3364 1204 3414 Clemens
1223 3364 1287 3412 lV
1306 3364 1548 3428 magistro
1568 3377 1615 3414 et
1636 3365 1871 3414 fratribus
1887 3365 2164 3430 Hospitalis
2184 3382 2325 3412 com-

149 3436 463 3503 positionem
490 3439 619 3489 inter
644 3440 964 3506 episcopum,
995 3439 1276 3504 capitulum
1308 3439 1773 3489 Bethleemitanum
1794 3453 1840 3488 et
1860 3440 2123 3505 Hospitale
2147 3440 2325 3488 factam

150 3511 434 3576 confirmat,
455 3530 555 3579 qua
575 3515 734 3563 casale
755 3515 816 3563 de
837 3513 1041 3563 Siltania
1073 3514 1123 3561 in
1153 3512 1402 3561 territorio
1423 3514 1563 3562 castri
1586 3515 1722 3563 Crati
1753 3515 1812 3562 ad
1845 3531 2057 3563 censum
2089 3531 2324 3562 annuum

151 3602 244 3651 pro
272 3586 313 3635 L
342 3586 567 3637 bisantiis
596 3589 849 3655 Hospitali
881 3604 1185 3637 concessum
1218 3587 1310 3636 fuit
1345 3587 1606 3649 (Delaville
1636 3592 1680 3637 le
1713 3589 1898 3651 Roulx,
1931 3606 1977 3653 p.
2014 3606 2036 3652 ⁴3
2059 3589 2112 3650 1).
2180 3586 2326 3635 1342

233 3681 380 3731 1266
411 3686 556 3734 Mart.
591 3704 637 3750 9.
682 3685 959 3751 Nealphae.
990 3714 1061 3719 ——
1091 3685 1387 3734 Ludovicus
1417 3686 1499 3744 lX,
1531 3703 1614 3734 rex
1645 3686 1981 3741 Francorum,
2012 3686 2326 3747 δὶς-111106011-

152 3757 342 3822 firmat,
386 3776 438 3808 se
482 3761 742 3823 omnibus,
787 3761 875 3825 qui
922 3760 972 3808 in
1016 3759 1242 3825 partibus
1294 3759 1645 3808 transmarinis
1686 3759 1971 3808 Guillelmo
2018 3760 2327 3824 patriarchae

152 3832 405 3882 Gaufrido
434 3834 496 3883 de
526 3834 768 3898 Serginis,
800 3834 1079 3883 senescallo
1109 3834 1251 3898 regni
1282 3834 1756 3900 Hierosolymitani,
1789 3848 1832 3883 61
1864 3835 2056 3881 1111111110
2086 3834 2146 3882 de
2180 3834 2326 3883 Vale>-

154 3906 287 3956 1·iaco
319 3907 394 3957 vel
424 3908 631 3957 duobus
659 3926 717 3957 ex
749 3909 854 3957 istis
896 3909 1032 3956 (ICC
1073 3908 1222 3967 libras
1250 3909 1587 3957 Turonenses
1630 3909 1970 3957 mutuaverint
2014 3909 2101 3956 has
2142 3907 2327 3956 litteras
