2684 4244
341 163 448 214 290
1277 141 1570 202 Regesta

336 327 534 377 tertiam
562 338 760 393 partem
799 338 846 375 et
883 326 1096 374 liberam
1134 325 1328 375 curiam
1374 343 1483 375 non
1525 327 1696 376 solum
1737 327 1799 377 de
1840 328 2086 393 SurianiS,
2126 329 2215 379 sed
2253 330 2404 379 etiam
2447 330 2511 379 de

337 401 546 452 Venetis
566 400 755 450 scilicet
773 400 835 449 de
854 399 1139 449 homicidio
1158 413 1206 449 et
1225 400 1361 450 furto
1380 400 1433 449 in
1453 401 1736 465 praesentia
1755 414 1802 451 et
1819 417 2079 452 consensu
2098 403 2512 454 Castellanorum

336 474 573 524 videlicet
609 473 799 539 Ugoris
828 472 1046 538 (Ugonis
1060 473 1095 538 ?)
1124 474 1396 538 Amiranti,
1438 474 1640 524 Girardi
1675 475 1844 524 Pisani
1880 488 1928 524 et
1965 475 2294 542 vicecomitiS,
2335 477 2511 527 militis

337 549 551 598 nomine
580 548 810 614 Salvazu,
840 547 1179 614 retinuerunt,
1221 548 1392 613 itaque
1428 548 1675 598 dominus
1703 548 1859 598 Beriti
1892 549 2028 598 misit
2054 551 2362 601 Jacobinum
2387 552 2510 601 Bar-

336 623 555 686 berium,
585 622 846 672 Venetum
874 621 936 670 de
964 622 1158 688 Cypr0,
1200 634 1248 671 et
1275 622 1516 672 Giraldus
1545 623 1865 673 Castellanus
1901 622 2061 673 alium
2091 623 2258 674 furem
2286 625 2512 692 punien-

335 697 478 746 dum.
509 695 699 746 Pariter
714 695 895 746 Judaei
912 695 966 745 in
986 696 1309 747 Venetorum
1327 696 1466 745 curia
1492 694 1831 760 justificantur
1858 709 1906 746 et
1935 698 2299 764 unusquisque
2328 715 2512 750 eorum

335 770 613 835 masculUS,
633 781 911 836 postquam
939 770 1002 819 ad
1031 781 1246 819 aetatem
1271 771 1366 821 XV
1385 785 1646 820 annorum
1665 771 1911 837 pervenit,
1932 786 2117 821 eorum
2144 773 2313 823 curiae
2341 773 2512 823 bisan—

335 844 467 895 tium
496 844 765 894 annuatim
792 844 991 894 solvere
1018 856 1248 906 tenetur3
1295 844 1507 894 nomina
1548 859 1730 893 eorum
1771 858 1917 894 sunt:
1964 845 2145 910 Simol,
2175 847 2266 912 qui
2293 847 2445 898 habet
2471 847 2512 897 ΙΙ

334 918 468 968 filios
496 919 643 968 Hebe
672 931 719 968 et
747 919 1029 983 Mahamar,
1073 918 1293 982 Mahafa,
1335 918 1534 982 Daniel,
1564 919 1788 984 MoyseS,
1820 919 2036 985 Symon,
2066 920 2313 986 Harham,
2341 921 2510 972 Brahi.

336 993 769 1042 Surianitexarini
788 1009 882 1058 pro
901 1009 1217 1059 unaquaque
1236 993 1397 1057 fovea,
1415 1009 1517 1058 qua
1535 1004 1729 1057 texunt,
1749 993 1856 1057 regi
1884 1009 1973 1059 per
2001 1010 2236 1043 mensem
2264 995 2304 1045 II
2331 1006 2514 1045 cartata

335 1067 632 1132 reddebant,
664 1083 796 1133 quae
825 1083 967 1117 nunc
994 1067 1202 1118 Venetis
1229 1068 1469 1116 reddunt.
1513 1067 1653 1116 Idem
1682 1067 1927 1117 omnibus
1955 1068 2009 1117 in
2036 1069 2269 1119 tercierio
2285 1069 2513 1120 Veneto-

334 1158 450 1191 rum
470 1141 760 1191 constitutis
778 1141 967 1191 scilicet
985 1142 1185 1206 vinum,
1207 1142 1398 1205 oleum,
1417 1141 1652 1190 candelas
1672 1153 1720 1190 et
1736 1157 1913 1191 carnes
1931 1143 2278 1193 vendentibus
2306 1159 2514 1194 necnon

334 1215 668 1282 apothecariis
697 1215 960 1280 vectigalia
1008 1216 1326 1282 imposuerat
1368 1228 1416 1264 et
1459 1232 1547 1281 per
1590 1232 1803 1265 manum
1850 1214 2126 1282 justiciarii,
2171 1217 2262 1283 qui
2304 1230 2515 1268 vocatur

335 1290 631 1357 Matasep,1)
672 1303 920 1355 exegerat,
964 1306 1095 1355 quae
1127 1290 1309 1341 Veneti
1351 1305 1493 1339 nunc
1521 1306 1611 1356 per
1637 1290 1898 1340 Venetum
1924 1290 2216 1341 Johannem
2246 1292 2515 1343 Palamum

334 1364 491 1414 libere
521 1364 732 1431 exigunt
760 1376 809 1414 et
836 1364 1134 1430 imponunt.
1192 1365 1314 1414 Item
1347 1364 1732 1430 unusquisque,
1763 1364 1855 1430 qui
1882 1365 2084 1414 volebat
2111 1381 2329 1432 porcum
2358 1366 2513 1416 inter-

333 1438 483 1488 ficere
512 1440 591 1488 vel
619 1439 857 1503 vendere,
888 1439 1056 1488 curiae
1085 1438 1217 1502 regis
1246 1438 1313 1488 IV
1342 1438 1580 1488 denarios
1614 1439 1856 1502 solvebat,
1888 1440 2032 1504 quod
2071 1440 2322 1490 tributum
2360 1452 2513 1491 tuazo

333 1515 631 1579 vocabatur,
677 1514 766 1562 sed
811 1529 954 1562 nunc
997 1528 1108 1562 non
1150 1513 1397 1563 redditur.
1457 1513 1659 1563 Deinde
1704 1513 1961 1562 Marsilius
2005 1513 2195 1563 formas
2242 1513 2515 1579 juramenti

334 1586 584 1651 judicum,
626 1587 756 1637 sicut
783 1587 837 1636 in
871 1588 1251 1637 consuetudine
1290 1588 1500 1653 antiqua
1539 1588 1748 1637 inventa
1788 1587 1898 1651 fuit,
1939 1604 2147 1638 necnon
2186 1587 2439 1639 fidelitatis
2468 1600 2517 1639 et

334 1662 658 1712 obedientiae
677 1662 831 1725 addit,
853 1663 996 1727 quod
1026 1678 1116 1728 per
1144 1678 1329 1712 omnes
1358 1662 1411 1710 in
1438 1661 1669 1711 terciario
1689 1663 2006 1713 Venetorum
2037 1662 2340 1713 constitutos
2366 1662 2437 1729 fit,
2467 1675 2516 1713 et
2554 1697 2557 1699 >

337 1736 576 1800 modum,
606 1753 714 1802 quo
743 1736 834 1801 qui
875 1736 1063 1786 domos
1103 1749 1286 1785 emunt
1312 1749 1360 1785 et
1387 1737 1622 1786 vendunt
1651 1736 1724 1786 uti
1753 1737 1967 1800 debent;
2014 1737 2218 1804 deinde,
2248 1737 2516 1787 ecclesiam

336 1810 385 1860 S.
417 1810 577 1860 Marci
605 1811 660 1860 in
688 1810 924 1876 captione
952 1810 1142 1860 Terrae
1171 1810 1384 1860 Sanctae
1425 1810 1661 1877 primitus
1690 1811 1956 1860 fundatam
1983 1811 2196 1861 liberam
2224 1828 2395 1878 neque
2423 1811 2516 1862 ulli

334 1883 674 1949 jurisdictioni
690 1884 962 1950 subfuisse,
975 1884 1245 1934 confirmat
1260 1898 1306 1935 et
1317 1885 1670 1951 possessiones
1686 1897 2101 1951 enumerat,quas
2111 1886 2292 1936 eadem
2305 1885 2515 1936 ecclesia

336 1959 502 2010 habet.
544 1959 779 2009 Primum
823 1959 964 2008 enim
994 1960 1276 2009 fondacum
1308 1960 1363 2009 in
1390 1958 1604 2009 introitu
1634 1972 1810 2026 portae
1839 1959 2069 2026 civitatiS,
2110 1977 2230 2010 cum
2257 1960 2462 2011 venitur
2487 1977 2516 2011 a

336 2046 538 2099 catena,
593 2046 640 2084 et
690 2050 866 2084 versus
916 2034 1134 2100 plateam
1178 2034 1217 2083 II
1256 2034 1497 2084 stationes
1543 2033 1618 2097 (et
1657 2034 1947 2084 extenditur
1984 2034 2179 2085 dictum
2231 2034 2514 2085 fondacum

334 2124 512 2159 versus
551 2109 821 2173 orientem,
865 2121 1120 2174 quantum
1171 2109 1459 2158 extenditur
1506 2108 1716 2158 ecclesia
1755 2108 1805 2158 S.
1848 2108 2008 2158 Marci
2047 2121 2095 2159 et
2126 2125 2312 2176 parum
2351 2109 2512 2176 plus),

333 2183 523 2232 deinde
553 2183 826 2233 stationem
866 2184 963 2233 sub
1003 2183 1205 2250 porticu
1247 2183 1298 2233 S.
1334 2182 1495 2232 Marci
1524 2182 1594 2246 (in
1623 2183 1784 2249 capite
1811 2199 1934 2233 vero
1963 2183 2170 2233 fondaci
2204 2195 2280 2234 est
2311 2183 2512 2248 furnUS,

334 2257 396 2307 de
425 2256 573 2322 cujus
601 2258 805 2307 redditu
834 2273 1115 2307 commune
1142 2258 1467 2309 Venetorum
1496 2257 1647 2307 habet
1675 2258 1737 2306 III
1765 2270 1931 2324 partes
1959 2270 2007 2307 et
2034 2257 2244 2308 ecclesia
2272 2257 2322 2308 S.
2352 2257 2513 2308 Marci

331 2331 372 2381 II
401 2348 462 2381 ex
489 2332 852 2396 conventione,
883 2348 1039 2398 quarn
1070 2332 1187 2382 fecit
1214 2333 1485 2397 quondam
1518 2331 1720 2396 bajulus
1757 2332 2068 2382 Dominicus
2095 2336 2353 2382 Acotanto
2391 2348 2513 2383 cum

331 2407 554 2472 plebano
583 2408 646 2457 de
675 2407 810 2456 dicto
839 2406 995 2456 furno
1023 2419 1071 2457 et
1098 2406 1274 2471 alter0,
1305 2407 1396 2472 qui
1434 2406 1531 2456 fuit
1569 2406 1866 2456 communis
1897 2408 2217 2457 Venetorum
2252 2407 2342 2456 sed
2369 2422 2512 2457 nunc

330 2492 491 2530 terrae
531 2493 680 2532 motu
720 2481 1008 2531 destructus
1047 2480 1199 2546 jacet3
1246 2481 1308 2530 de
1337 2496 1445 2546 quo
1475 2481 1630 2531 furno
1659 2494 1763 2531 erat
1791 2481 1974 2531 divisio
2013 2481 2243 2531 redditus
2280 2481 2412 2532 sicut
2449 2481 2512 2531 de

331 2556 673 2622 supradicto),
725 2568 983 2622 praeterea
1034 2556 1263 2622 possidet
1313 2556 1534 2605 domum
1572 2555 1625 2605 in
1667 2555 1826 2623 capite
1866 2572 2023 2620 rugae
2064 2555 2114 2606 S.
2157 2556 2317 2606 Marci
2368 2571 2513 2606 nunc

332 2630 667 2696 destructam,
721 2629 811 2694 (de
865 2647 968 2696 qua
1021 2630 1218 2697 integra
1269 2630 1514 2680 remansit
1566 2630 1758 2695 volta),
1824 2646 1983 2696 quam
2037 2630 2258 2680 Michael
2311 2630 2513 2681 Lunizo

333 2704 383 2754 S.
430 2706 607 2755 Marco
646 2717 952 2755 testamento
991 2704 1225 2771 reliquit,
1278 2716 1327 2754 et
1364 2705 1578 2755 hortum
1629 2721 1748 2754 cum
1794 2704 1931 2754 dicta
1983 2705 2143 2754 domo
2202 2705 2513 2755 continuum

332 2778 508 2844 (quem
549 2779 674 2829 emit
710 2780 946 2830 Thomas
985 2779 1166 2845 Dulce,
1208 2792 1510 2846 procurator
1559 2779 1842 2844 ecclesiae),
1892 2779 2112 2829 domum
2152 2779 2346 2829 voltam
2391 2794 2513 2829 cum

330 2853 545 2904 cisterna
599 2853 760 2920 (quae
798 2853 1011 2904 firmans
1053 2872 1080 2903 a
1119 2854 1159 2903 II
1199 2853 1441 2903 lateribus
1487 2854 1541 2903 in
1591 2854 1835 2903 domibus
1873 2853 1964 2902 filii
2005 2853 2246 2903 Damiani
2285 2870 2313 2903 a
2352 2853 2513 2904 Maria

330 2928 507 2978 Cauco
558 2940 866 2978 testamento
919 2928 1079 2979 dictae
1130 2927 1370 2978 ecclesiae
1422 2928 1593 2977 relicta
1633 2928 1823 2991 fuerat)
1877 2943 2085 2977 necnon
2125 2928 2338 2978 hortum
2377 2940 2513 2978 extra

330 3002 602 3068 civitatem,
633 3003 725 3068 qui
760 3003 928 3053 firmat
954 3020 1130 3053 versus
1165 3003 1420 3053 orientem
1453 3000 1589 3067 juxta
1622 3015 1808 3052 terram
1843 3002 2138 3052 communis
2170 3001 2511 3068 Venetorum,

333 3092 464 3142 quae
484 3079 756 3143 quondam
775 3077 870 3127 fuit
888 3078 1068 3127 hortus
1085 3094 1263 3127 versus
1292 3077 1616 3127 occidentem
1645 3090 1693 3126 et
1719 3077 1888 3126 firmat
1914 3075 2052 3141 juxta
2083 3075 2313 3126 rivulum
2330 3091 2511 3142 aquae,

332 3166 464 3216 quae
492 3151 633 3201 venit
661 3153 724 3202 de
753 3153 1034 3217 conductu,
1054 3168 1231 3201 versus
1260 3164 1510 3215 austrum,
1539 3150 1706 3200 firmat
1733 3151 1788 3200 in
1814 3151 1931 3201 loco
1961 3150 2163 3201 Serram
2181 3150 2319 3200 dicto
2335 3167 2513 3200 versus

331 3226 543 3276 boream
572 3238 621 3275 et
648 3226 701 3276 in
729 3227 810 3276 via
838 3226 1058 3293 publica.
1112 3227 1279 3275 Habet
1318 3241 1532 3292 quoque
1572 3226 1828 3292 praedicta
1867 3225 2076 3275 ecclesia
2108 3225 2176 3276 lV
2203 3225 2364 3274 voltas
2392 3232 2513 3275 cum

330 3300 472 3350 curia
499 3299 637 3365 juxta
664 3301 932 3350 ecclesiam
960 3300 1147 3350 dictam
1168 3317 1345 3350 versus
1374 3312 1622 3364 austrum,
1653 3300 1743 3350 ubi
1771 3299 1938 3349 clerici
1966 3316 2086 3349 cum
2113 3298 2340 3365 plebano
2367 3298 2513 3348 habi-

331 3386 436 3424 tare
464 3375 648 3440 solent,
678 3375 732 3424 in
750 3375 983 3425 tercierio
1004 3376 1327 3426 Venetorum
1357 3374 1624 3424 ecclesiam
1652 3374 1701 3424 S.
1722 3374 1895 3423 Jacobi
1923 3372 2264 3438 jurisdictioni
2283 3372 2513 3440 episcopi

330 3448 627 3499 Torcellani
647 3449 906 3499 subditam
935 3461 983 3498 et
1009 3450 1191 3499 subtus
1210 3449 1277 3499 IV
1294 3449 1554 3513 stationeS,
1575 3465 1751 3498 versus
1769 3461 1998 3498 austrum
2019 3446 2155 3511 juxta
2173 3447 2439 3497 ecclesiam
2457 3446 2513 3512 II,

329 3539 509 3573 versus
549 3535 783 3574 austrum
821 3523 1014 3574 voltam
1056 3522 1294 3590 (desuper
1333 3539 1436 3589 qua
1474 3535 1578 3572 erat
1617 3522 1981 3572 dormitorium
2016 3522 2324 3589 presbyteris
2351 3521 2511 3571 dictae

332 3597 588 3662 ecclesiae)
633 3610 681 3647 et
726 3599 947 3648 domum
993 3598 1303 3647 destructam
1346 3610 1462 3664 post
1504 3597 1777 3646 corsariam
1823 3595 2003 3662 (quam
2048 3596 2231 3646 retinet
2272 3594 2513 3660 magister

333 3671 557 3734 Haboti).
612 3673 691 3722 De
730 3673 890 3723 domo
918 3671 1154 3722 Thosani
1194 3671 1495 3721 Maureceni
1522 3671 1707 3722 Veneti
1745 3687 1952 3721 necnon
1981 3671 2251 3736 quondam
2289 3668 2514 3719 Rolandi

335 3746 633 3812 Contareni,
675 3762 809 3812 quae
851 3763 995 3797 nunc
1034 3757 1108 3796 est
1135 3745 1379 3811 Pantelei,
1423 3745 1625 3810 singula
1668 3745 1833 3795 rotula
1876 3743 1975 3794 olei
2020 3745 2225 3794 ecclesia
2272 3743 2322 3794 S.
2353 3741 2514 3793 Marci

458 3875 489 3933 1)
523 3875 596 3920 Cf.
621 3876 681 3920 de
704 3876 844 3934 Sacy,
868 3875 1138 3920 Chrestom.
1163 3875 1305 3919 arabe
1327 3875 1358 3927 Ι,
1392 3889 1436 3932 p.
1458 3873 1573 3932 4683
1609 3872 1936 3931 Quatremere,
1959 3871 2155 3917 Makrizi
2176 3872 2264 3930 IA,
2297 3886 2340 3930 p.
2373 3885 2509 3929 114—

338 3949 444 3994 1153
477 3936 529 3994 II,
553 3949 597 3994 p.
622 3948 732 3994 2713
764 3935 906 3995 Heyd
926 3935 960 3993 I,
981 3948 1025 3994 p.
1052 3935 1149 3995 336.
