2684 4244
983 162 1116 226 regni
1139 160 1571 226 Hierosolymitani.
2257 187 2355 229 ρος)

189 353 474 410 Henricus;
517 351 662 416 jurati
692 353 754 401 de
784 351 1049 418 Cayphas:
1081 352 1391 401 Guillelmus
1419 350 1595 415 scriba,
1627 351 1884 400 Robertus
1912 350 2129 415 Elefant,
2165 350 2360 399 Rolan-

189 428 304 491 duS,
335 428 616 477 Reinaldus
645 428 706 476 de
737 427 1079 488 Finamunde,
1116 428 1377 475 Johannes
1407 424 1563 488 Majo,
1604 426 1976 489 Bonaccursus,
2020 426 2136 491 Ugo
2166 426 2359 474 Pelevi—

188 502 353 565 lanuS,
384 502 670 551 vicecomes
698 501 1030 563 Acconensis,
1072 501 1341 567 Philippus
1371 499 1671 563 Morisinus,
1702 500 2090 549 Clarembaldus
2121 500 2181 548 de
2215 499 2359 549 Vice—

188 575 461 640 comitissa,
491 577 681 642 Helyas
710 576 772 624 de
801 576 1015 623 Nazaret
1045 575 1200 637 (Paoli
1229 576 1261 639 1,
1293 592 1340 641 p.
1375 591 1609 638 91—92,
1639 575 1739 623 No,
1773 575 1867 635 86;
1899 574 1960 623 cf.
1991 591 2040 640 p.
2077 574 2212 639 514).
2245 572 2359 620 784

291 670 433 720 1201
469 673 654 722 Octob.
696 690 733 722 1.
790 672 902 721 Sisi.
943 701 1015 707 —
1055 673 1161 722 Leo
1191 673 1247 736 ΙΙ,
1289 689 1373 721 rex
1413 671 1705 734 Armeniae,
1747 672 2048 721 Innocentio
2078 671 2138 719 ΙΙΙ
2178 670 2361 735 gratias

188 746 291 811 agit
326 763 419 813 pro
459 747 644 796 vexillo
682 748 738 795 Β.
770 747 902 796 Petri
933 748 1230 796 transmisso
1257 747 1287 810 l)
1317 760 1364 795 et
1392 746 1608 809 nuntiat,
1650 746 2077 810 Bohemundum,
2120 745 2359 794 comitem

187 821 590 888 Tripolitanum,
610 834 656 871 et
673 820 1030 870 Antiochenos
1051 838 1170 870 cum
1191 820 1541 870 Roconodino
1563 820 1598 883 2)
1622 820 1786 869 crucis
1805 821 1950 870 hoste
1970 819 2361 869 confoederatos

188 912 313 959 esse,
356 908 413 945 ut
454 896 576 945 alter
618 897 679 944 ab
720 896 870 944 altera
922 908 1060 961 parte
1101 896 1262 961 ipsius
1302 911 1523 959 regnum
1563 895 1939 960 aggrederetur,
1981 895 2124 959 quod
2166 894 2362 943 nuntiis

189 970 345 1035 captis
372 970 679 1036 apparuerit,
709 986 866 1034 seque
895 969 1023 1018 fines
1050 970 1355 1019 Antiochiae
1382 970 1672 1033 ingressum
1702 985 1791 1035 per
1819 969 1879 1017 ΙΙΙ
1910 985 2114 1017 menses
2142 968 2362 1034 plurima

187 1044 490 1093 sustinuisse
520 1058 567 1094 et
595 1043 948 1107 Antiochenis,
970 1061 1100 1108 quae
1130 1045 1422 1107 voluerunt,
1452 1043 1743 1092 indulsisse.
1776 1044 1976 1092 Deinde
1994 1043 2199 1108 gaudet,
2220 1042 2362 1107 quod

189 1118 337 1182 legati
366 1117 650 1185 Apostolici
678 1135 799 1167 mox
828 1119 1030 1167 venturi
1060 1119 1174 1183 sint,
1205 1119 1395 1183 quibus
1424 1117 1494 1167 rei
1524 1117 1882 1167 certitudinem
1913 1117 2160 1183 explicare
2190 1117 2363 1182 possit,

188 1204 237 1241 et
263 1205 423 1257 rogat,
444 1205 501 1242 ut
518 1209 791 1242 succursus
820 1193 908 1241 diu
939 1206 1254 1258 exspectatus
1283 1206 1329 1242 et
1358 1192 1672 1241 desideratus
1699 1208 1820 1242 mox
1838 1192 2022 1255 veniat,
2043 1207 2209 1256 quum
2236 1191 2365 1239 inter

190 1267 471 1317 Saracenos
500 1267 782 1316 discordiae
820 1279 867 1316 et
910 1266 1039 1316 bella
1079 1267 1316 1316 intestina
1360 1281 1529 1316 exorta
1573 1267 1688 1330 sint,
1734 1282 1854 1315 cum
1892 1265 2070 1330 legatis
2108 1281 2230 1314 vero
2259 1265 2364 1314 suis

188 1340 634 1408 archiepiscopum
654 1341 1023 1406 Maguntinum
1055 1340 1275 1405 judicem
1306 1341 1502 1390 mittere
1530 1341 1663 1404 velit,
1677 1340 1711 1403 3)
1741 1354 1851 1390 tum
1881 1341 2064 1404 gratias
2083 1340 2198 1404 agit,
2220 1340 2363 1404 quod

189 1431 319 1482 papa
358 1416 531 1465 comiti
571 1416 896 1482 Tripolitano
938 1416 1163 1465 minatus
1202 1416 1279 1478 sit,
1321 1417 1410 1464 sed
1451 1415 1605 1479 dolet,
1643 1416 1787 1480 quod
1828 1415 1966 1465 idem
2007 1414 2364 1464 Antiochenos

188 1490 352 1556 pretio
381 1503 430 1539 et
458 1490 693 1557 precibus
721 1490 966 1539 attrahere
996 1491 1208 1540 studeat.
1252 1491 1412 1540 Porro
1443 1490 1659 1553 nuntiat,
1680 1507 1732 1538 se
1751 1506 1930 1539 mense
1947 1490 2065 1539 Julii
2086 1489 2362 1538 exercitum

187 1580 345 1614 suum
363 1564 732 1614 coadunavisse
753 1564 1021 1613 barbaricis
1042 1565 1335 1614 nationibus
1355 1564 1609 1614 discordia
1638 1564 1768 1613 inter
1795 1581 1847 1613 se
1877 1563 2141 1628 disjunctis
2170 1562 2363 1612 bellum

187 1638 452 1688 illaturum
470 1651 519 1688 et
537 1638 772 1688 fratribus
786 1639 995 1705 Templi
1015 1640 1075 1688 de
1096 1639 1510 1705 possessionibus
1528 1639 1671 1703 regni
1690 1639 1835 1688 XXV
1850 1639 2007 1687 millia
2026 1637 2363 1687 bisantiorum

191 1712 404 1778 misisse,
444 1727 501 1762 ut
539 1727 910 1778 succurrerent,
954 1731 1146 1779 eosque
1187 1715 1249 1763 ad
1288 1714 1415 1762 fines
1456 1713 1759 1763 Antiochiae
1795 1714 2011 1777 venisse,
2053 1713 2227 1778 ibique
2257 1728 2364 1760 ma-

187 1787 403 1852 gistrum
432 1787 699 1854 epistolam
728 1805 887 1855 papae
916 1788 1375 1854 praese11tavisse,4)
1405 1804 1507 1853 qua
1535 1804 1621 1837 rex
1648 1788 2029 1852 admoneretur,
2061 1800 2117 1837 ut
2145 1800 2365 1836 castrum

188 1861 385 1912 Gaston
403 1863 650 1912 redderet.
681 1863 854 1928 Itaque
873 1880 924 1911 se
945 1864 1246 1929 magistrum
1264 1862 1472 1928 Templi
1490 1863 1761 1927 rogavisse,
1792 1876 1848 1912 ut
1875 1862 1982 1929 ipse
2011 1875 2058 1912 et
2085 1861 2366 1929 patriarcha

188 1935 549 1987 Antiochenus
602 1937 815 1987 nuntios
868 1938 930 1986 ad
986 1938 1173 1987 Sedem
1226 1936 1579 2004 Apostolicam
1637 1937 1907 2001 mitterent,
1963 1937 2083 2002 quia
2137 1953 2223 1985 rex
2277 1952 2366 2002 per

189 2011 375 2061 manus
418 2028 578 2078 papae
621 2012 817 2062 dictum
858 2025 1078 2061 castrum
1123 2013 1414 2077 eodemque
1459 2012 1512 2061 in
1556 2011 1760 2061 castello
1805 2011 2079 2078 Rupinum
2121 2024 2363 2077 nepotem

190 2085 529 2136 nutriendum
558 2099 606 2136 et
633 2086 1036 2137 custodiendum
1066 2087 1276 2136 reddere
1295 2087 1444 2135 vellet
1472 2099 1534 2150 et,
1565 2099 1620 2135 ut
1648 2087 1817 2135 eidem
1844 2087 1907 2135 ad
1926 2086 2237 2151 acquirenda
2258 2083 2366 2149 jura

188 2158 503 2225 adjuvarent,
533 2160 805 2227 pollicitus,
842 2178 894 2210 se
924 2162 1090 2211 donec
1119 2161 1288 2210 nuntii
1318 2161 1543 2210 Romam
1572 2160 1779 2210 ivissent
1807 2174 1854 2210 et
1882 2161 2168 2224 rediissent,
2200 2176 2365 2224 quan-

189 2246 301 2283 tum
317 2234 543 2284 valerent
561 2236 790 2285 redditus
809 2236 1233 2302 pertinentiarum
1266 2235 1469 2299 castelli,
1500 2235 1553 2284 in
1582 2251 1797 2301 corpore
1826 2248 1984 2284 terrae
2014 2235 2194 2300 regalis
2223 2234 2364 2282 resti-

188 2321 330 2358 tuere
374 2309 517 2359 velle.
572 2311 803 2359 Praetera
843 2327 1040 2376 regem,
1086 2328 1138 2359 se
1179 2311 1351 2359 fratres
1390 2310 1453 2358 ad
1497 2310 1871 2375 acquirendum
1919 2310 2058 2359 aliud
2102 2308 2363 2358 castellum

189 2382 482 2449 Trapesach
513 2383 583 2433 eis
611 2385 874 2450 pertinens
903 2401 1021 2435 cum
1054 2385 1298 2434 omnibus
1333 2384 1527 2433 viribus
1565 2382 1865 2448 adjuturum
1906 2383 2198 2450 pollicitum
2239 2400 2363 2445 esse,

192 2457 364 2507 fratres
392 2475 515 2508 vero
544 2459 644 2507 hoc
674 2459 835 2508 facere
865 2459 1235 2525 contempsisse
1265 2471 1311 2507 et
1340 2471 1523 2507 terram
1552 2459 1835 2524 reliquisse,
1867 2459 2102 2524 quamvis
2142 2470 2364 2521 rogatos,

191 2544 247 2581 ut
274 2548 448 2598 regem
477 2532 792 2598 adjuvarent,
823 2534 913 2599 qui
941 2546 1115 2583 tamen
1144 2532 1280 2582 bello
1309 2533 1456 2582 finito
1483 2546 1668 2582 terram
1689 2532 1913 2582 illaesam
1932 2549 2079 2582 suam
2099 2532 2364 2582 invenerit.

192 2606 430 2672 Denique
469 2608 682 2657 latorem
724 2608 1034 2658 Garnerium
1064 2607 1418 2657 Teutonicum
1439 2607 1474 2671 5)
1515 2609 1948 2658 recommendans
1989 2620 2149 2672 rogat,
2192 2623 2255 2656 ne
2286 2606 2366 2654 cui

192 2679 246 2730 in
274 2680 446 2747 ipsum
476 2683 555 2731 vel
583 2682 743 2749 ipsius
771 2696 957 2732 terram
985 2683 1288 2732 sententiam
1320 2682 1873 2732 excommunicationis
1891 2683 1970 2732 vel
1999 2683 2147 2731 aliam
2179 2681 2275 2730 nisi
2306 2681 2367 2729 de

193 2756 435 2805 mandato
464 2756 609 2806 Sedis
639 2757 965 2823 Apostolicae
994 2756 1197 2823 speciali
1228 2756 1455 2822 proferre
1484 2755 1630 2806 liceat
1649 2757 1685 2820 6)
1716 2756 1935 2821 (Baluze,
1965 2758 1995 2806 l.
2029 2773 2070 2806 c.
2101 2757 2135 2822 Ι7
2167 2773 2214 2822 p.
2248 2756 2369 2820 634,

194 2829 291 2879 No.
322 2831 427 2895 42).
2254 2827 2369 2877 785

319 2916 352 2969 ¹)
376 2913 449 2958 Cf.
474 2929 616 2973 supra
641 2916 729 2959 No.
750 2916 851 2981 756,
875 2926 974 2960 not.
996 2931 1035 2973 3.
1140 2916 1175 2969 2)
1199 2913 1321 2958 Male
1342 2914 1568 2973 scriptum
1587 2927 1700 2973 pro:
1726 2914 2010 2971 Corradino,
2029 2914 2122 2958 filio
2144 2913 2283 2957 Mam<
2304 2914 2344 2956 al
2366 2943 2369 2944 γ

193 2972 316 3027 Adil‚
338 2973 544 3018 soldano
567 2975 802 3019 Damasci.
989 2978 1025 3030 3)
1061 2973 1154 3029 Qui
1179 2973 1362 3018 obierat
1386 2990 1436 3033 25
1465 2974 1639 3019 Octob.
1674 2990 1788 3019 1200
1822 2974 2222 3031 (Bohmer-Will,
2259 2974 2368 3029 lleg.

194 3032 320 3077 arch.
339 3034 576 3091 Mogunt.,
599 3048 642 3091 p.
668 3049 909 3093 119—120,
934 3036 1023 3078 No.
1047 3036 1168 3090 428).
1293 3035 1328 3090 4)
1354 3034 1425 3077 Cf.
1451 3049 1591 3092 supra
1617 3036 1707 3078 No.
1732 3036 1831 3093 765.
1958 3036 1991 3090 ⁵)
2016 3033 2166 3077 Alias:
2193 3034 2343 3075 &Ale

195 3106 425 3136 mannum
448 3104 690 3138 vocatum.
817 3096 854 3149 6)
880 3095 1026 3150 Quod
1051 3092 1355 3137 Innocentius
1379 3093 1433 3136 Ill
1457 3093 1609 3138 Leoni
1640 3110 1651 3137 1
1683 3096 1785 3138 Jun.
1820 3109 1925 3138 1202
1953 3092 2189 3138 concessit
2212 3094 2369 3147 (l'ott-

194 3151 316 3209 hast,
339 3152 429 3196 No.
462 3152 603 3211 1689).

344 3275 376 3300 ‚,
454 3239 577 3288 Dec.
618 3267 689 3273 —-
730 3239 837 3289 Leo
872 3240 928 3303 II,
971 3256 1055 3289 rex
1097 3238 1438 3303 Armeniae,1)
1480 3240 1776 3290 Venetianis
1818 3257 1907 3306 per
1946 3256 2159 3289 manum
2200 3239 2371 3289 Jacobi

195 3312 446 3377 Badoarii,
474 3312 563 3362 filii
602 3314 852 3363 Johannis
891 3314 1126 3363 Badoarii
1168 3312 1357 3377 militis,
1404 3314 1581 3363 nuncii
1622 3315 1783 3378 ducis,
1828 3315 1879 3363 in
1920 3328 2026 3364 toto
2072 3332 2231 3378 regno
2276 3331 2371 3363 sno

196 3386 514 3436 securitatem
545 3404 600 3437 ac
628 3387 847 3438 liberum
869 3388 1240 3438 commercium
1263 3404 1467 3438 necnon
1488 3389 1778 3438 Mamistrae
1799 3388 2081 3452 ecclesiam,
2103 3389 2371 3437 fundicum

198 3473 246 3510 et
272 3459 449 3510 locum
490 3462 551 3510 ad
593 3462 812 3513 domum
854 3462 1223 3512 aedificandam
1265 3464 1498 3512 concedit
1539 3479 1585 3512 et
1624 3463 1792 3527 sigillo
1833 3463 2119 3512 confirmat.
2167 3464 2372 3511 Factum

199 3550 289 3601 per
316 3551 531 3585 manum
558 3536 822 3599 Johannis,
865 3536 1233 3602 archiepiscopi
1272 3536 1506 3599 Sisensis,
1552 3538 1695 3602 regni
1735 3538 2037 3587 cancellarii.
2067 3566 2137 3571 —
2168 3537 2372 3586 Gabriel

201 3608 446 3659 Paulinus
475 3623 566 3659 etc,
598 3623 653 3659 ut
681 3628 835 3677 supra
863 3612 961 3660 No.
997 3614 1096 3659 282
1129 3610 1554 3672 (safel—Thomas
1585 3612 1619 3671 Ι,
1651 3629 1697 3677 p.
1731 3614 2034 3677 381—385,
2064 3613 2162 3660 No.
2196 3628 2264 3675 94
2297 3611 2372 3674 lcl'.

201 3698 249 3749 p.
275 3682 608 3749 373—381];
653 3685 911 3750 Langlois,
943 3702 991 3750 p.
1034 3703 1229 3747 too-*1
1255 3702 1331 3748 12,
1363 3687 1462 3735 No.
1497 3700 1552 3744 2;
1597 3687 1748 3735 Arch.
1780 3687 1966 3734 storico
1998 3687 2113 3743 ital..
2145 3702 2258 3751 app.
2294 3686 2374 3738 lx,

211 3758 363 3822 1853,
393 3774 441 3823 p.
478 3759 812 3824 361—3643
870 3759 930 3808 cf.
964 3758 1206 3807 Archives
1236 3760 1284 3808 d.
1321 3760 1457 3809 miss.
1486 3760 1699 3809 scientis.
1733 3761 1786 3818 ΙΙ,
1825 3777 1870 3825 p.
1907 3762 2037 3825 3683
2099 3761 2260 3808 Mau-in
2293 3760 2374 3810 lV.

203 3846 250 3896 p.
282 3847 406 3896 1553
438 3832 588 3898 Heyd
618 3833 651 3897 Ι,
684 3850 729 3899 p.
757 3851 847 3897 37¹
876 3850 886 3888 ;
923 3833 1209 3891 l)ulaut·ier‚
1242 3834 1560 3883 Recherches
1592 3835 1623 3891 l,
1656 3851 1702 3899 p.
1736 3834 1864 3899 124).
1896 3842 1907 3901 ῃ
1938 3835 1991 3883 ln
2025 3835 2150 3883 llis-t.
2183 3835 2374 3882 ducunt

331 3961 361 4014 ¹)
396 3960 504 4004 Non
530 3971 578 4004 ut
603 3971 738 4005 antea
768 3961 880 4006 «nei
907 3972 951 4005 et
980 3961 1177 4005 Romani
1203 3962 1385 4019 lntperii
1411 3962 1585 4020 gratia»
1615 3977 1774 4020 regent
1800 3978 1849 4007 se
1874 3972 2023 4007 vocat.

293 4048 322 4081 l<
339 4051 361 4079 ὃ
378 4049 398 4081 h
416 4060 430 4082 ι·
446 4049 452 4081 i
468 4061 486 4082 t·
503 4049 523 4082 lt
542 4056 563 4084 t.
605 4049 776 4092 chcsta.
2034 4067 2078 4107 14
