2684 4244
1023 128 1152 185 regni
1175 128 1608 189 Hierosolymitani.
2328 155 2386 203 53

222 304 320 354 No.
341 306 476 370 4633
508 323 557 372 p.
582 324 888 373 333—334,
919 310 1017 359 No.
1052 327 1178 375 513;
1211 328 1258 377 p.
1284 312 1588 378 356—357,
1618 315 1717 364 No.
1743 327 1871 381 532;
1903 314 1981 372 III,
2012 332 2060 381 p.
2092 316 2390 378 166—167,

221 379 321 428 No,
344 380 661 442 686—687;
694 399 741 448 p.
768 385 1071 446 260—261,
1103 386 1200 434 No.
1235 400 1364 444 7703
1397 403 1444 452 p.
1470 390 1588 448 280,
1620 389 1719 437 ΝΟ.
1743 391 1874 449 788;
1905 405 1954 454 p.
1978 391 2097 452 298,
2129 390 2227 438 No.
2260 391 2389 447 802;

221 469 270 519 p.
305 456 425 518 308,
457 455 555 504 No.
590 458 721 521 8133
753 474 801 522 p.
838 474 956 520 379,
989 459 1087 507 No.
1122 461 1251 518 881;
1283 477 1331 525 p.
1362 477 1486 525 445,
1519 462 1616 510 ΝΟ.
1651 477 1782 527 9413
1814 463 1896 525 IV,
1927 479 1975 528 p.
2010 479 2092 527 39,
2124 464 2223 512 No.
2257 465 2389 527 9883

220 543 268 593 p.
304 544 424 591 209,
468 530 566 578 ΝΟ.
622 547 780 595 1145;
838 532 899 591 V,
936 548 984 597 p.
1028 549 1114 596 45,
1157 535 1255 582 ΝΟ.
1310 536 1470 595 1281;
1527 552 1576 601 p.
1611 538 1731 600 358,
1773 538 1871 585 No.
1925 554 2057 601 1597
2113 549 2161 585 et
2202 537 2389 599 St‘alin,

225 601 513 652 Wurtemb.
537 604 722 653 Gesch.
745 605 823 667 ΙΙΙ,
854 622 903 670 p.
928 622 1232 671 733—734.
1275 609 1527 657 Ecclesiae
1558 626 1758 659 nostrae
1788 611 2135 660 Denkendorf
2156 611 2391 676 propriae

220 688 362 724 erant
391 677 629 726 ecclesiae
659 680 720 727 de
743 679 1017 728 Dietbrijck
1047 694 1093 728 et
1123 682 1183 729 de
1214 683 1529 742 Kirchheim,
1551 700 1771 748 quarum
1801 685 2007 733 alteram
2037 685 2323 734 Fridericus
2354 685 2391 733 II

221 749 687 813 (Bohmer-Ficker,
731 754 831 802 No.
865 754 986 817 751)
1017 755 1251 815 donavit;
1297 756 1357 805 cf.
1388 757 1713 822 privilegium
1743 759 1805 807 ad
1835 775 2008 824 preces
2039 758 2259 821 Radulfi,
2302 776 2391 825 pa-

219 824 464 874 triarchae
494 826 969 893 Hierosolymitani,
1002 845 1303 878 concessum
1334 830 1386 879 in
1421 832 1708 881 W'urtemb.
1750 833 2093 882 Urkundenb.
2125 833 2202 896 ΙΙΙ,
2233 850 2281 898 p.
2313 850 2389 898 14,

219 899 319 948 No.
355 900 474 964 564.
2275 905 2392 954 209

299 993 463 1044 1142.
493 1025 565 1031 ——-
594 997 771 1061 Fulco,
814 1015 899 1047 rex
940 999 1458 1066 HierosolymitanuS,
1501 1017 1756 1052 consensu
1796 1003 2082 1052 Milisendis
2112 1004 2316 1067 reginae
2346 1017 2393 1053 et

218 1070 501 1120 Baldewini
544 1071 632 1120 filii
674 1073 911 1121 ecclesiae
954 1073 1003 1122 S.
1045 1074 1219 1122 Lazari
1258 1087 1470 1138 terram,
1518 1092 1674 1140 quam
1718 1077 2005 1126 Balduinus
2049 1078 2392 1127 Caesariensis

218 1160 389 1194 coram
423 1145 545 1211 ipsis
565 1147 771 1195 dederat
789 1146 1003 1212 ejusque
1024 1149 1175 1197 vidua
1196 1164 1527 1213 concesserat,
1550 1150 1836 1211 confirmat,
1856 1167 1986 1216 quae
2006 1152 2136 1200 inter
2156 1154 2390 1201 Montem

218 1219 406 1269 Oliveti
435 1233 482 1268 et
513 1220 745 1270 Rubeam
776 1222 1045 1270 cisternam
1065 1223 1153 1271 sita
1175 1236 1246 1271 est
1264 1223 1317 1272 in
1335 1224 1428 1286 via,
1451 1240 1580 1289 quae
1601 1225 1740 1273 ducit
1758 1226 1820 1274 ad
1839 1227 2133 1274 Jordanem.
2178 1227 2391 1275 Factum

218 1310 309 1360 per
349 1311 565 1343 manum
608 1295 761 1360 Eliae,
804 1297 1087 1345 cancellarii
1126 1297 1274 1361 regis.
1304 1326 1376 1331 —
1405 1299 1680 1348 Rohardus
1719 1299 2018 1362 vicecomes,
2065 1301 2301 1364 paganus
2330 1301 2391 1349 de

217 1369 345 1433 Voa,
376 1369 672 1418 Willelmus
702 1371 764 1419 de
794 1371 961 1431 Basra,
994 1371 1261 1420 Albericus
1291 1372 1352 1420 de
1380 1373 1613 1434 Barbeio,
1656 1373 1869 1422 domina
1909 1374 2086 1423 Halois
2124 1374 2389 1438 (Cibrario,

217 1459 405 1510 p.222;
426 1442 670 1506 Ferrand,
687 1461 766 1510 p.1
790 1463 803 1494 1
825 1461 835 1505 3
858 1446 1103 1494 Archives
1119 1446 1179 1494 de
1195 1446 1414 1495 l'Orient
1427 1447 1549 1495 latin
1569 1447 1675 1511 IIB,
1693 1464 1742 1512 p.
1759 1465 1772 1495 1
1790 1464 1927 1512 23-
1944 1466 1957 1497 1
1975 1465 2058 1512 24,
2076 1449 2247 1509 ΝΟ.2).
2276 1447 2392 1496 210

354 1578 383 1602 ,,
464 1554 490 1602 ,·
504 1539 675 1591 ind.V.
693 1540 912 1606 Tripoli.
937 1571 1001 1575 ——
1023 1543 1212 1591 Coram
1231 1541 1455 1592 Geraldo
1473 1542 1817 1607 Tripolitano,
1836 1543 2104 1594 Willelmo
2122 1545 2390 1608 Tortosae,

217 1614 485 1680 episcopis,
515 1615 586 1677 B„
607 1615 993 1681 archiepiscopo
1011 1616 1262 1677 Albariae,
1291 1630 1338 1666 et
1367 1617 1625 1683 Raynerio
1645 1617 2039 1682 constabulario,
2062 1619 2391 1668 Fulchrando

216 1688 541 1752 marescalco,
574 1688 842 1739 Willelmo
881 1690 1152 1753 Embriaci,
1185 1690 1451 1740 Willelmo
1493 1691 1797 1754 Renoardo,
1838 1692 2070 1742 Jocelino
2110 1694 2171 1742 de
2213 1693 2391 1743 Claro-

216 1776 412 1827 monte,
428 1762 700 1813 Willelmo
719 1764 999 1827 Porceleto,
1023 1766 1335 1831 Raymundo
1356 1766 1417 1814 de
1438 1766 1602 1814 Fonte
1621 1767 1805 1815 Erecto
1835 1779 1882 1815 et
1909 1767 2086 1815 ceteris
2113 1767 2392 1816 baronibus

216 1838 321 1887 suis
351 1838 711 1905 Raymundus,
750 1839 936 1901 Pontii,
967 1839 1166 1888 comitis
1203 1840 1252 1889 S.
1285 1839 1466 1904 Egidii,
1498 1839 1648 1903 filius,
1682 1841 1948 1904 Umberto,
1991 1841 2235 1907 episcopo
2265 1842 2392 1891 Ani—

218 1912 374 1977 censi,
404 1929 662 1963 consensu
693 1913 865 1962 uxoris
896 1913 1145 1963 Caeciliae
1174 1931 1381 1963 necnon
1410 1914 1582 1962 matris
1621 1914 1933 1975 Hodiernae,
1974 1914 2062 1963 filii
2093 1916 2390 1982 Raymundi

218 2000 267 2036 et
296 1987 458 2037 fratris
476 1987 717 2053 Philippi,
739 2004 919 2037 omnes
950 1988 1187 2037 homines
1217 2001 1265 2037 et
1294 2005 1474 2038 omnes
1495 2005 1832 2054 quascunque
1862 1990 2013 2038 habet
2042 1990 2391 2055 possessiones

216 2074 265 2111 et
292 2063 707 2128 praedecessores
735 2063 1027 2112 habuerunt
1055 2063 1105 2112 in
1125 2075 1234 2111 toto
1252 2062 1632 2113 Vallavensium
1651 2063 1913 2126 comitatu,
1933 2063 2102 2128 sigillo
2122 2064 2391 2114 confirmat

216 2149 264 2186 et
291 2136 479 2186 laudat.
522 2137 671 2186 Hanc
700 2137 839 2186 enim
869 2137 1206 2186 donationem
1235 2154 1372 2186 anno
1403 2138 1695 2187 MCXXXII
1723 2137 1844 2200 (ind.
1867 2138 1926 2201 X)
1956 2138 2187 2199 Pontius,
2218 2155 2391 2187 comes

215 2210 589 2277 Tripolitanus,
629 2228 887 2261 consensu
928 2212 1102 2261 uxoris
1142 2211 1391 2261 Caeciliae
1433 2224 1481 2260 et
1519 2211 1610 2260 filii
1654 2228 1836 2261 eorum
1882 2213 2178 2278 Raymundi
2219 2229 2390 2261 coram

218 2285 2389 2353 Guillelmo,Tripolitano,Raymundo,Tortosano,Giraldo,Raphanensi,episcopis,

218 2359 523 2427 Rodulpho,
543 2360 773 2424 Giraldo,
794 2362 1070 2423 Bernardo,
1091 2360 1426 2426 Tripolitanis
1456 2360 1731 2423 canonicis,
1753 2360 1980 2410 Ablardo
2010 2362 2388 2421 archidiaconO,

219 2434 432 2485 Giraldo
464 2448 688 2497 cantore,
708 2436 959 2499 Johanne,
981 2436 1126 2484 Petro
1157 2436 1218 2484 de
1239 2435 1401 2484 Podio
1421 2434 1700 2498 Laurentii,
1722 2437 1941 2484 Arberto
1961 2436 2021 2484 de
2043 2436 2388 2498 MontelaurQ

217 2509 405 2559 Pontio
435 2510 496 2559 de
526 2510 704 2573 Fosso,
737 2510 1001 2573 Rostagno
1042 2511 1103 2559 de
1145 2510 1285 2559 Goth
1327 2522 1375 2557 et
1416 2510 1730 2575 Raymundo
1773 2509 2089 2568 vicecomite,
2135 2523 2266 2558 carta
2304 2527 2392 2575 per

217 2600 432 2634 manum
449 2585 530 2649 R„
543 2584 744 2635 comitis
755 2584 1108 2649 Arvernensis,
1129 2583 1267 2632 altari
1287 2583 1532 2633 S.Mariae
1546 2583 1817 2632 Anicensis
1837 2585 2112 2633 donaverat
2131 2584 2389 2648 (Vaissete,

217 2658 349 2708 Hist.
380 2659 443 2708 de
479 2660 795 2726 Languedoc
838 2658 932 2724 [ed.
964 2657 1019 2723 ΙΙ]
1051 2660 1111 2723 V,
1155 2675 1201 2724 p.
1244 2674 1617 2723 1054——1055,
1658 2659 1758 2707 ΝΟ.
1795 2675 1913 2723 551,
1956 2666 1978 2714 ἓ
2018 2658 2074 2721 1).
2115 2675 2128 2725 ῑ
2167 2658 2392 2708 Aliottus

218 2733 541 2799 Uguicionis,
562 2733 811 2800 imperiali
836 2733 1131 2783 auctoritate
1152 2732 1302 2795 judex
1322 2745 1369 2781 et
1388 2732 1617 2781 notarius
1636 2732 1890 2798 publicus,
1911 2751 1951 2782 a.
1970 2751 1981 2782 1
2000 2750 2025 2782 2
2040 2752 2061 2797 5
2077 2750 2120 2798 5,
2142 2733 2246 2782 ind.
2265 2734 2389 2790 XIll.

220 2824 249 2861 7
280 2808 361 2858 die
388 2808 524 2873 Julii,
554 2826 606 2858 se
635 2809 861 2857 chartam
889 2807 1236 2857 authenticam
1264 2806 1653 2872 transcripsisse,
1684 2806 1952 2856 confirmat
1981 2807 2045 2873 (p.
2080 2808 2247 2872 1057).
2275 2806 2383 2855 211

353 2942 384 2967 ‚,
463 2943 475 2967 ,
517 2906 621 2955 ind.
642 2906 729 2956 VII
759 2906 905 2964 (corr.
935 2906 1014 2967 V).
1068 2933 1140 2939 β-
1193 2904 1546 2967 RaimunduS,
1588 2904 1758 2953 Pontii
1798 2904 1997 2952 comitis
2026 2904 2176 2962 filius,
2219 2921 2391 2954 comes

216 2978 588 3046 TripolitanUS,
631 2981 887 3030 confrater
926 2979 1206 3044 Hospitalis
1244 2979 1410 3027 eidem
1454 2978 1633 3027 domui
1663 2979 1821 3027 donat
1850 2991 1896 3027 et
1924 2978 2092 3043 sigillo
2122 2979 2390 3027 confirmat

218 3054 542 3120 Raphaniam
571 3068 618 3104 et
648 3057 885 3104 Montem
923 3055 1258 3117 Ferrandum,
1302 3054 1609 3102 Mardabech
1639 3065 1686 3101 et
1715 3052 1961 3118 quicquid
2002 3052 2121 3115 juris
2162 3054 2308 3101 habet
2340 3054 2389 3101 in

217 3129 428 3195 piscaria
447 3129 695 3179 Chamele
711 3131 742 3192 1)
761 3147 788 3178 a
807 3130 1010 3179 Chades
1039 3144 1203 3192 usque
1233 3128 1294 3176 ad
1323 3128 1627 3176 resclausan]
1650 3143 1854 3176 necnon
1874 3128 2103 3185 Cratum,
2126 3127 2388 3176 castellum

217 3204 451 3253 Bocheae
491 3220 611 3253 cum
651 3203 968 3270 pertinentiis
998 3215 1045 3252 et
1074 3201 1286 3265 juribus,
1329 3202 1526 3250 felitum
1568 3218 1622 3249 ac
1651 3201 1819 3250 lacum
1842 3202 1877 3264 2)
1919 3218 2036 3250 cum
2073 3202 2390 3267 pertinentiis

216 3291 317 3327 tam
349 3278 549 3327 domini
579 3279 798 3344 propriis
832 3294 987 3343 quam
1030 3276 1323 3334 feodalium‚
1368 3293 1497 3341 quae
1539 3276 1727 3325 scilicet
1767 3275 1965 3324 castella
2005 3276 2231 3323 scambio
2271 3278 2389 3324 dato

218 3352 434 3401 consilio
456 3352 705 3402 Willelmi
728 3354 788 3401 de
809 3354 962 3401 Crato
983 3351 1195 3415 ejusque
1216 3350 1388 3399 uxoris
1408 3351 1674 3399 Adelasiae
1694 3364 1739 3398 et
1761 3350 1845 3398 tilii
1870 3350 2126 3398 Rertmndi
2152 3351 2390 3413 Hugonis

218 3427 479 3476 concessit.
525 3428 852 3477 Raimundus
882 3427 1019 3474 enim
1055 3426 1189 3473 dicto
1209 3425 1559 3473 Willelmode
1579 3426 1733 3473 Crato
1765 3441 1933 3473 coram
1966 3425 2102 3472 curia
2132 3442 2221 3472 sua
2252 3426 2390 3473 dedit

218 3517 421 3550 caveam
438 3502 648 3551 Davidis
664 3502 758 3550 Sisi
780 3518 897 3550 cum
919 3501 1060 3548 omni
1082 3500 1296 3562 raisagio
1317 3512 1622 3547 montaneae
1643 3513 1686 3547 et
1711 3499 1921 3547 feodum
1940 3499 2104 3547 Pontii
2121 3498 2387 3555 willelmi,

217 3575 405 3624 scilicet
434 3576 472 3624 II
500 3589 659 3625 terrae
701 3575 988 3625 cabellarius
1018 3587 1064 3622 et
1096 3575 1187 3622 DC
1217 3574 1476 3633 bisantios,
1520 3574 1683 3621 dictus
1713 3590 1832 3621 vero
1866 3589 2055 3626 comes,
2099 3574 2314 3621 barones
2344 3587 2388 3621 et

218 3649 492 3716 episcopus
510 3650 864 3716 Tripolitanus
884 3650 1113 3698 ducenos
1133 3647 1377 3696 bisantios
1407 3661 1451 3695 et
1480 3664 1634 3712 supet·
1663 3663 1844 3695 omnes
1864 3646 2151 3695 caballarias
2182 3648 2230 3695 in
2262 3664 2387 3695 una-

218 3740 424 3789 quaque
455 3725 656 3774 divisim
679 3726 715 3788 3)
745 3725 833 3773 XII
863 3723 1106 3772 bisantios
1146 3724 1206 3770 ab
1248 3723 1347 3771 1100
1388 3738 1564 3771 mense
1608 3722 1823 3784 Augusti
1867 3738 2029 3785 usque
2060 3722 2119 3769 ad
2153 3722 2194 3769 X
2225 3738 2389 3769 annos

336 3860 497 3905 Paoli:
540 3864 566 3912 ¹)
602 3876 644 3919 p.
671 3873 754 3920 23:
790 3860 999 3919 Cymcle.
1202 3864 1233 3909 “-’)
1268 3873 1308 3915 p.
1336 3869 1418 3913 24:
1453 3857 1674 3901 Felicium
1701 3868 1742 3900 et
1771 3858 1961 3899 Lacum.
2168 3858 2201 3911 θ’)
2238 3871 2277 3913 p.
2305 3869 2388 3913 24:

219 3919 461 3967 divisione.
