2684 4244
381 180 482 230 372
1318 158 1613 218 Regesta

377 345 555 394 Petrus
585 353 633 390 et
660 339 972 389 Theodinus
1001 338 1291 405 Romicelli,
1334 339 1566 404 ejusdem
1600 342 1850 391 Johannis
1889 357 2120 409 nepotes,
2163 346 2225 394 de
2264 347 2472 396 ecclesia
2499 347 2550 398 S.

379 417 568 467 Mariae
587 417 650 464 de
668 414 824 463 Turri
842 413 1194 479 Tripolitanae
1214 414 1431 464 diocesis
1449 414 1701 465 violenter
1718 417 1938 482 extracti,
1959 417 2250 485 interempti
2279 433 2326 470 et
2347 421 2553 471 cremati

376 503 512 555 sunt,
542 489 728 538 deinde
757 487 944 536 milites
965 487 1273 553 Tripolitani
1302 504 1422 539 cum
1450 500 1554 539 tota
1583 489 1686 539 fere
1705 490 1895 540 familia
1915 491 2032 540 dicti
2050 492 2278 560 episcopi
2298 493 2552 559 P(aulum)

374 566 429 615 in
468 563 677 614 ecclesia
716 562 1037 628 Tripolitana
1077 564 1406 628 obsederunt,
1448 576 1558 613 tum
1598 564 1689 614 XII
1731 564 1914 614 milites
1941 566 2268 633 Tripolitani,
2309 581 2366 619 ut
2403 585 2554 636 prae-

376 640 571 689 dictum
590 636 844 700 P(aulum)
865 649 912 685 et
931 638 1201 702 quondam
1220 638 1427 687 Petrum
1457 650 1701 704 nepotem
1733 639 1909 705 ipsiuS,
1941 641 2178 690 ecclesiae
2195 641 2548 709 Tripolitanae

374 711 769 777 thesaurarium,
789 711 1046 760 viventem
1066 711 1426 778 interficerent,
1448 713 1799 778 promiserunt
1820 727 1868 763 et
1886 713 2100 779 quidam
2128 716 2362 767 canonici
2389 717 2553 784 preci-

374 790 470 838 bus
510 786 716 837 adducti
756 785 1145 851 confirmarunt,
1187 803 1239 835 se
1278 786 1473 850 P(aulo)
1515 800 1724 837 mortuo
1763 787 1936 854 ipsum
1980 789 2287 856 episcopum
2329 791 2554 842 facturos

374 880 499 928 esse,
520 879 627 928 quo
646 861 777 910 facto
800 861 920 910 dicti
939 860 1124 910 milites
1151 861 1409 927 lapidibus
1438 862 1501 910 ad
1530 875 1732 928 portam
1761 861 2002 927 conjectis
2030 864 2271 914 clericum
2290 866 2552 931 quendam

373 956 398 987 e
430 937 648 986 fenestra
675 935 1093 1001 prospicientem,
1124 952 1280 1000 quem
1311 948 1484 985 tamen
1514 935 1820 1002 episcopum
1848 938 2158 1003 habuerunt,
2186 939 2392 1005 sagittis,
2420 956 2552 1007 quae

373 1013 543 1061 adhuc
586 1010 727 1060 ostiis
771 1009 1022 1059 fenestrae
1076 1010 1260 1059 infixae
1303 1023 1542 1075 manent,
1598 1012 1889 1061 interimere
1933 1012 2225 1063 voluerunt.
2292 1014 2554 1065 Praeterea

373 1087 559 1136 milites
579 1085 903 1148 Landonem,
934 1084 1246 1134 canonicum
1265 1085 1652 1151 Tripolitanum
1682 1098 1731 1135 et
1759 1086 2083 1152 capellanum
2111 1104 2286 1154 papae,
2315 1089 2377 1139 de
2406 1105 2553 1139 man-

376 1162 493 1211 dato
513 1160 740 1227 episcopi
758 1161 814 1209 B.
836 1160 1250 1224 vulneraverunt,
1272 1159 1431 1209 alium
1451 1159 1752 1210 familiarem
1770 1160 1949 1224 P(auli)
1969 1162 2271 1212 occiderunt
2297 1175 2358 1227 et,
2378 1179 2550 1230 quum

372 1252 466 1302 pro
482 1249 620 1302 parte
635 1234 813 1297 P(auli)
829 1235 1171 1284 Boamundus
1181 1234 1271 1284 VII
1285 1234 1540 1300 ,princeps
1558 1235 1919 1285 Antiochenus
1935 1248 1983 1284 et
2001 1236 2552 1304 comesTripolitanUS‚

372 1311 649 1376 requisitus
692 1308 880 1373 fuisset,
922 1321 978 1358 ut
1017 1307 1260 1373 justitiam
1299 1309 1419 1358 inde
1449 1309 1632 1358 faceret
1660 1310 1903 1375 exhiberi,
1935 1310 2099 1360 dictus
2126 1312 2184 1361 Β.
2215 1310 2552 1377 confirmavit,

373 1385 647 1448 P(aulum),
670 1383 767 1433 nisi
787 1385 850 1432 de
879 1383 1076 1432 civitate
1105 1383 1381 1447 recesserit,
1404 1383 1664 1433 familiaris
1692 1384 1772 1434 sui
1800 1398 2023 1434 mortem
2043 1386 2408 1436 occubiturum
2426 1402 2552 1437 esse.

373 1459 556 1521 Quum
586 1459 741 1523 igitur
768 1457 991 1520 P(aulus)
1022 1457 1074 1506 in
1105 1458 1325 1507 domum
1343 1458 1551 1524 Templi
1569 1458 1944 1524 Tripolitanam
1967 1459 2193 1526 fugisset,
2211 1461 2554 1511 Boamundus

373 1533 592 1584 consilio
621 1533 851 1599 episcopi
878 1534 934 1582 Β.
966 1532 1140 1598 ipsum
1168 1532 1368 1581 obsedit
1396 1533 1785 1597 comminando,
1816 1550 1886 1598 se,
1927 1534 2025 1584 nisi
2062 1535 2337 1602 episcopus
2366 1535 2554 1585 dictam

375 1609 593 1658 domum
634 1607 911 1672 reliquerit,
952 1607 1125 1673 ipsum
1155 1623 1274 1656 cum
1303 1619 1408 1656 tota
1437 1606 1628 1656 familia
1655 1608 1950 1658 occisurum
1978 1625 2104 1674 esse,
2136 1621 2200 1675 et,
2232 1606 2554 1676 quamquam

372 1680 509 1733 idem
539 1682 777 1748 princeps
806 1698 897 1748 per
923 1682 1002 1746 R„
1032 1681 1470 1731 constabularium
1498 1682 1643 1746 regni
1671 1681 2146 1749 Hierosolymitani,
2177 1696 2226 1734 et
2251 1684 2552 1751 HospitaliS,

372 1757 580 1824 Templi
619 1774 674 1805 ac
709 1756 1165 1806 Theutonicorum
1204 1756 1491 1820 magistrOS,
1533 1773 1585 1805 se
1625 1757 1846 1806 eandem
1885 1758 2103 1808 domum
2146 1758 2308 1809 dictae
2345 1759 2554 1809 militiae

372 1832 598 1898 Templi,
639 1830 749 1896 jura
788 1847 844 1880 ac
882 1831 1137 1880 libertates
1175 1843 1292 1896 post
1330 1847 1589 1880 recessum
1628 1831 1855 1898 episcopi
1883 1831 2194 1899 Tripolitani
2220 1833 2479 1884 custodire
2507 1845 2555 1883 et

371 1907 543 1972 ipsum
562 1922 740 1955 secure
760 1905 1013 1955 dimittere
1026 1905 1169 1970 velle,
1184 1905 1442 1972 pollicitus
1461 1905 1655 1967 fuisset,
1675 1918 1865 1972 tamen,
1879 1922 2046 1972 quum
2066 1908 2129 1957 ad
2146 1908 2323 1958 locum
2341 1907 2555 1958 fratrum

373 1982 645 2031 Minorum
673 1980 1123 2046 Tripolitanorum
1151 1980 1372 2045 abiisset,
1415 1980 1581 2030 dictus
1620 1981 1677 2030 Β.
1709 1981 1985 2047 episcopus
2023 1981 2244 2049 principi
2283 1982 2552 2048 suggessit,

373 2069 429 2106 ut
456 2055 607 2105 illum
647 2066 846 2121 caperet
886 2055 1071 2104 carceri
1110 2054 1527 2118 immittendum;
1574 2071 1676 2121 qua
1704 2056 1766 2104 de
1796 2072 1945 2105 causa
1974 2056 2199 2121 P(aulus)
2229 2058 2356 2107 urbe
2384 2056 2551 2108 exivit.

371 2131 533 2180 Paulo
578 2142 694 2197 post
734 2130 971 2196 princeps
1011 2130 1233 2179 domum
1270 2129 1481 2196 Templi
1521 2130 1792 2196 occupavit
1831 2142 1879 2179 et
1915 2130 2139 2180 munivit
2179 2131 2467 2181 christianis
2506 2142 2556 2181 et

371 2205 678 2267 SarraceniS,
734 2220 825 2270 per
867 2219 1001 2269 quos
1045 2203 1353 2254 Sarracenos
1395 2220 1550 2270 supra
1593 2203 1860 2254 ecclesiam
1902 2203 2066 2271 ipsius
2111 2205 2302 2256 domus
2343 2205 2552 2256 militiae

368 2279 577 2346 Templi
595 2279 675 2329 lex
695 2278 1009 2328 Machometi
1038 2279 1100 2328 III
1120 2278 1349 2328 millibus
1378 2278 1778 2329 christianorum
1806 2279 2161 2345 praesentibus
2179 2279 2364 2330 exstitit
2380 2279 2553 2347 publi-

369 2367 487 2404 cata.
529 2354 771 2420 Denique
800 2354 1076 2420 episcopus
1111 2354 1168 2403 ss.
1199 2352 1361 2403 casale
1401 2353 1555 2403 situm
1597 2352 1736 2418 juxta
1775 2354 2014 2403 Montem
2053 2354 2241 2404 Gibelli
2279 2355 2342 2404 ad
2380 2354 2554 2421 ipsum

369 2429 676 2496 episcopum
717 2428 1106 2495 Tripolitanum
1149 2428 1411 2494 pertinens
1453 2444 1546 2494 per
1588 2428 1869 2478 exercitum
1912 2428 2032 2478 dicti
2076 2427 2322 2496 principis
2360 2428 2553 2479 destrui

369 2503 485 2554 fecit
503 2517 566 2569 et,
588 2519 755 2569 quum
775 2503 991 2552 nuntius
1009 2503 1252 2552 Franciae
1281 2515 1328 2552 et
1356 2502 1556 2552 Siciliae
1584 2519 1769 2567 regum
1797 2503 1971 2569 ipsum
1999 2502 2288 2569 principem
2317 2503 2379 2553 de
2407 2519 2553 2570 prae-

367 2579 535 2628 missis
571 2577 824 2627 caritative
863 2589 1116 2642 argueret,
1158 2577 1295 2627 idem
1338 2577 1614 2643 episcopus
1652 2578 1709 2627 Β.
1740 2578 2022 2644 respondit,
2053 2577 2245 2644 omnia,
2275 2593 2408 2644 quae
2436 2589 2555 2645 post

368 2653 571 2703 obitum
599 2652 869 2719 quondam
897 2653 971 2716 B„
1002 2651 1248 2718 principis
1276 2652 1608 2717 Antiocheni,
1640 2651 1767 2701 facta
1794 2652 1910 2717 sint,
1943 2653 2006 2702 de
2034 2669 2132 2702 suo
2172 2651 2390 2703 consilio
2430 2667 2552 2719 pro-

368 2728 594 2777 cessisse.
654 2726 836 2789 Quum
865 2725 1022 2791 igitur
1051 2726 1216 2776 dictus
1245 2726 1521 2792 episcopus
1549 2726 1918 2776 Anteradensis
1946 2727 2070 2776 haec
2098 2726 2324 2776 facinora
2351 2726 2551 2793 aliaque

368 2803 516 2868 plura
544 2814 720 2851 contra
748 2800 1054 2868 episcopum
1082 2800 1336 2864 P(aulum)
1367 2813 1415 2850 et
1442 2801 1711 2851 Romanos
1748 2800 2035 2851 nonnullos
2075 2800 2278 2867 Tripoli
2316 2816 2552 2851 commo-

367 2888 536 2926 rantes
556 2876 741 2940 fecerit,
762 2892 894 2942 papa
911 2875 1214 2942 supradictis
1233 2875 1487 2942 episcopis
1508 2876 1730 2940 mandat,
1749 2888 1805 2925 ut
1823 2875 2128 2942 episcopum
2141 2876 2552 2926 Anteradensem

368 2951 498 3001 infra
516 2951 628 3001 VIII
656 2967 861 2999 menses
890 2950 1030 3016 apud
1050 2950 1237 3000 Sedem
1255 2950 1610 3016 Apostolicam
1629 2965 2008 3017 responsurum
2027 2949 2184 2999 citent
2203 2949 2456 3013 (Sbaralea
2473 2949 2551 3015 ΙΙΙ,

368 3042 418 3092 p.
453 3026 760 3091 326—-328,
791 3025 891 3075 No.
921 3041 1020 3090 453
1063 3025 1307 3090 Potthast,
1337 3025 1437 3074 N0.
1471 3025 1691 3091 21364).
2401 3021 2552 3073 1424

449 3112 599 3163 1278
628 3114 767 3181 Sept.
796 3116 873 3164 18.
903 3114 1106 3181 Tripoli
1135 3114 1362 3180 (gallice).
1393 3143 1465 3149 —
1491 3115 1769 3164 Boemund
1788 3114 1894 3179 VII,
1925 3113 2163 3180 princeps
2188 3114 2552 3165 Antiochenus

368 3202 416 3239 et
454 3205 627 3239 comes
668 3188 1041 3255 TripolitanuS,
1082 3206 1135 3238 se
1177 3202 1223 3239 et
1263 3190 1480 3239 Paulum
1513 3189 1655 3253 (Pol),
1698 3189 2002 3255 episcopum
2041 3188 2446 3256 Tripolitanum,
2487 3189 2552 3239 ad

366 3264 507 3314 litem
550 3265 814 3330 quandam
854 3264 1238 3330 disceptandam
1279 3264 1566 3329 Rogerium
1607 3263 1829 3328 (Rogier)
1859 3264 1921 3312 de
1962 3262 2012 3312 S.
2043 3262 2272 3328 Severin,
2307 3264 2551 3314 comitem

369 3339 431 3388 de
462 3338 740 3404 Marsique,
786 3338 1035 3388 vicarium
1077 3339 1222 3403 regni
1263 3338 1741 3405 Hierosolymitani,
1791 3349 1840 3387 et
1881 3336 2158 3387 Nicolaum
2201 3336 2442 3400 (Nicoles)
2486 3338 2550 3388 de

349 3413 593 3481 ‚Lorgne,
624 3412 927 3478 magistrum
955 3412 1254 3479 Hospitalis,
1268 3413 1300 3476 l)
1330 3414 1544 3463 arbitros
1574 3412 1913 3475 constituisse,
1954 3410 2124 3476 sigillo
2161 3411 2448 3462 confirmat.
2477 3438 2551 3447 —-

367 3488 551 3553 Johan,
583 3487 920 3537 marescalcus
948 3487 1322 3553 TripolitanUS,
1362 3487 1529 3537 Johan
1559 3486 1878 3551 d'Angevile,
1907 3486 2075 3535 Johan
2104 3487 2166 3535 de
2195 3486 2394 3551 Hasart,
2427 3486 2551 3536 Rai-

368 3563 536 3612 mund
563 3562 811 3627 Faucard,
852 3561 1034 3611 Nicole
1064 3564 1207 3626 Arra,
1249 3562 1441 3628 Balyan
1471 3562 1533 3610 de
1564 3561 1857 3625 Marreclee,
1899 3560 2067 3609 Pierre
2107 3560 2262 3627 Dyes,
2303 3561 2550 3628 principis

494 3662 525 3718 1)
561 3661 655 3717 Qui
678 3660 796 3706 obiit
827 3675 875 3705 12
899 3661 1038 3705 Mart.
1068 3659 1179 3717 1284
1207 3661 1416 3718 (Gestes,
1438 3675 1482 3718 p.
1509 3659 1608 3718 208,
1633 3661 1764 3718 217),
1788 3668 1963 3703 statuta
1986 3659 2045 3702 ab
2071 3659 2245 3704 eodem
2270 3658 2408 3704 edita
2419 3658 2478 3704 cf.
2501 3658 2550 3704 in

368 3723 527 3779 Prutz,
552 3720 882 3779 Culturgesch.
873 3754 899 3778 .,
921 3734 965 3778 p.
989 3721 1072 3779 615
1092 3746 1144 3751 —
1160 3721 1274 3777 616;
1306 3719 1532 3764 Delaville
1555 3719 1597 3763 le
1620 3719 1791 3775 Roulx,
1818 3719 1890 3763 De
1915 3717 2112 3776 origine,
2141 3733 2185 3776 p.
2210 3734 2267 3785 39
2289 3728 2337 3763 et
2356 3718 2404 3763 in
2425 3717 2546 3763 Bibl.

370 3783 428 3826 de
451 3755 633 3826 lecole
645 3781 687 3824 d.
713 3781 900 3824 chastes
931 3779 1056 3838 1887,
1078 3794 1122 3837 p.
1151 3793 1248 3838 349.
1302 3780 1375 3824 De
1384 3779 1552 3851 sigillo
1577 3778 1761 3823 Nicolai
1784 3777 1980 3836 ejusque
2003 3792 2292 3823 successoms
2315 3777 2548 3823 Johannis

369 3842 428 3885 de
450 3839 650 3884 villariis
676 3839 734 3884 cf.
758 3838 984 3884 Delaville
1005 3840 1049 3884 le
1071 3838 1259 3884 Roulx
1248 3853 1296 3882 1n
1319 3837 1462 3883 Me'm.
1487 3840 1530 3883 d.
1555 3837 1698 3904 antiq.
1724 3838 1783 3882 de
1805 3837 1984 3882 France
2014 3837 2138 3895 1880,
2152 3838 2292 3903 XLI,
2325 3852 2370 3903 p.
2392 3852 2464 3897 70.
2496 3837 2550 3882 In

370 3899 600 3945 Chronol.
625 3898 968 3965 magistrorum
991 3898 1238 3954 (Archives
1263 3898 1306 3941 d.
1332 3897 1459 3942 miss.
1484 3896 1681 3943 scientis.
1714 3896 1838 3956 1857,
1860 3897 1938 3953 VI,
1972 3911 2016 3954 p.
2043 3896 2119 3951 28)
2148 3895 2273 3941 inter
2294 3895 2547 3942 Nicolaum

369 3969 416 4004 et
437 3960 708 4005 Johannem
730 3958 959 4017 magister
981 3958 1123 4003 Odde
1147 3957 1205 4003 de
1229 3956 1425 4003 Pinibus
1449 3966 1761 4002 memoratur.
