2684 4244
987 194 1118 252 regni
1140 194 1576 254 Hierosolymitani.
2266 220 2290 251 2
2301 204 2329 251 3
2341 220 2364 267 3

196 378 257 427 de
286 378 587 444 Courtenay
615 392 662 427 et
690 378 925 442 Drogoni
955 379 1016 427 de
1048 378 1257 427 Marlois
1298 379 1349 427 in
1379 379 1592 427 Terram
1635 379 1872 428 Sanctam
1913 380 2216 445 profecturis
2255 397 2372 428 sua-

198 452 336 514 dent,
369 469 431 501 ne
461 453 730 502 occasione
758 465 964 515 treugae
996 453 1290 517 passagium
1321 452 1571 515 differant,
1594 470 1757 518 quum
1781 454 2042 503 Sarraceni
2072 454 2231 519 ipsam
2263 470 2370 502 non

195 526 472 587 tenuerint,
514 527 602 575 sed
643 527 814 593 plures
855 527 1154 592 peregrinos
1195 527 1422 592 ceperint
1460 528 1540 575 vel
1581 528 1877 589 occiderint,
1922 541 1976 577 ut
2013 528 2264 577 Massiliae
2295 528 2372 576 vel

193 601 385 649 Januae
415 617 569 649 naves
598 601 872 650 ascendant
901 614 947 649 et
976 600 1276 650 Nimocium
1306 601 1359 649 in
1389 601 1554 650 insula
1575 602 1750 667 Cypro
1769 603 2104 668 appellantur,
2137 601 2223 651 ubi
2252 618 2371 650 cum

194 672 445 740 praelatis,
478 675 728 739 magistris
756 687 802 723 et
831 675 1112 724 baronibus
1138 675 1327 723 Terrae
1359 675 1571 724 Sanctae
1603 676 1899 738 deliberent,
1932 693 2058 725 num
2089 677 2142 725 in
2173 676 2370 742 Syriam

194 748 274 797 vel
303 748 590 797 Damiatam
619 749 721 797 sive
751 748 1116 797 Alexandriam
1146 748 1549 814 proficiscantur,
1582 762 1629 798 et
1658 750 1752 815 ipsi
1782 750 1979 799 cibariis
2008 750 2221 799 recreari
2252 767 2371 815 pos-

193 821 311 885 sint,
342 823 636 888 praesertim
666 839 829 888 quum
862 840 889 871 a
919 823 1145 872 dominis
1164 823 1354 871 Terrae
1375 822 1585 872 Sanctae
1617 824 1945 874 interdictum
1965 825 2131 886 fuerit,
2152 841 2216 872 ne
2236 837 2371 872 extra

192 908 379 945 terram
408 896 591 946 cibaria
621 898 949 946 extrahantur
978 897 1243 960 (Martene,
1273 897 1526 946 Thesaur.
1560 898 1594 961 l,
1630 914 1678 963 p.
1719 915 2101 964 1012-—10133
2147 898 2207 947 cf.
2240 898 2369 947 Hist.

192 970 282 1020 litt.
314 972 377 1019 de
405 971 450 1020 la
480 971 672 1020 France
690 971 822 1033 XXI,
852 988 901 1037 p.
924 973 1241 1035 789—7902
1274 971 1530 1021 D'Arbois
1560 973 1620 1020 de
1649 972 1971 1035 Jubainville,
2004 973 2132 1021 Hist.
2165 973 2212 1021 d.
2245 973 2371 1021 ducs

193 1057 240 1093 et
268 1045 317 1094 d.
348 1058 542 1094 comtes
571 1046 632 1094 de
662 1046 1002 1111 Champagne
1024 1046 1082 1107 V,
1105 1063 1153 1111 p.
1179 1046 1299 1111 365,
1330 1046 1430 1095 No.
1457 1062 1624 1111 2479;
1657 1046 1784 1095 Bibl.
1818 1047 1879 1095 de
1908 1047 2086 1096 l'e'cole
2108 1048 2155 1095 d.
2177 1047 2372 1095 chartes

203 1120 353 1183 1872,
384 1136 433 1186 p.
474 1137 588 1185 174,
620 1121 719 1169 No.
762 1135 884 1181 1723
918 1119 1169 1168 Rohricht
1199 1120 1251 1168 in
1279 1120 1490 1169 Forsch.
1532 1122 1684 1184 1886,
1716 1137 1764 1187 p.
1799 1139 1884 1185 99,
1915 1122 2014 1170 No,
2050 1122 2112 1183 2).
2223 1119 2371 1167 1083

295 1219 444 1269 1238
469 1223 602 1272 Nov.
629 1239 705 1287 14.
725 1249 796 1257 --
816 1221 1223 1285 Melecheladen,
1239 1222 1271 1285 ¹)
1292 1223 1540 1272 soldanus
1559 1224 1798 1290 Aegypti,
1818 1224 2028 1273 Venetis
2047 1240 2138 1289 per
2157 1240 2371 1272 manum

194 1296 382 1345 Romei
413 1296 639 1357 Quirino
669 1309 716 1345 et
743 1297 915 1346 Jacobi
942 1297 1160 1346 Barocio
1189 1298 1478 1361 legatorum
1507 1297 1561 1346 in
1589 1310 1696 1347 toto
1738 1314 1899 1363 regno
1928 1314 2024 1347 suo
2054 1297 2185 1346 varia
2216 1298 2370 1363 privi-

190 1370 320 1435 legia
348 1371 583 1420 concedit
611 1384 659 1420 et
687 1371 957 1419 confirmat
987 1371 1411 1434 (Tafel-Thomas
1440 1372 1497 1435 ΙΙ,
1528 1388 1577 1438 p.
1613 1374 1802 1438 336——
1822 1390 1941 1438 341,
1985 1373 2084 1421 No.
2119 1386 2250 1437 2943
2295 1373 2371 1421 De

192 1445 303 1493 Mas
332 1444 515 1507 Latrie,
545 1445 742 1494 Traite's
771 1445 833 1494 de
863 1445 994 1511 paix,
1036 1445 1206 1511 suppl.
1239 1463 1287 1511 p.
1322 1447 1578 1511 76—77,
1621 1447 1720 1496 No.
1756 1463 1812 1508 23
1871 1447 2117 1496 Archives
2151 1447 2200 1495 d.
2232 1446 2369 1495 miss.

190 1519 405 1569 scientif.
427 1519 483 1579 ΙΙ,
504 1536 552 1585 p.
578 1536 894 1585 372—3733
927 1520 988 1569 cf.
1012 1521 1178 1569 Marin
1197 1521 1281 1584 VI,
1302 1537 1352 1586 p.
1377 1537 1694 1586 337—339;
1726 1522 1878 1588 Heyd
1909 1522 1942 1585 Ι,
1974 1539 2022 1588 p.
2042 1538 2103 1587 41
2129 1521 2184 1583 1).
2223 1519 2373 1568 1084

318 1606 350 1658 1)
383 1603 528 1648 Mam<
552 1603 805 1647 a1-Ad1111.

264 1691 281 1754 (
347 1728 377 1753 ,,
455 1689 512 1754 ἓ).
532 1690 904 1755 —Gregorius
924 1691 991 1739 IX
1011 1692 1101 1755 Μ.,
1121 1691 1391 1757 priorissae
1422 1693 1471 1742 S.
1491 1693 1679 1742 Mariae
1710 1705 1758 1742 et
1787 1693 2040 1742 Omnium
2063 1694 2369 1743 Sanctorum

192 1765 501 1828 Acconensi,
541 1765 716 1814 locum
747 1764 1033 1828 confirmat,
1078 1766 1131 1814 in
1172 1782 1278 1831 quo
1319 1767 1539 1832 praefata
1579 1768 1787 1816 ecclesia
1827 1768 1887 1816 ab
1927 1767 2152 1832 A(alice),
2196 1769 2370 1832 regina

190 1838 366 1905 Cypri,
384 1838 571 1888 collato
586 1840 647 1888 ad
663 1840 920 1889 honorem
936 1840 985 1889 S.
1001 1840 1189 1889 Mariae
1208 1842 1546 1907 Aegyptiacae
1565 1858 1824 1891 consensu
1845 1842 2072 1908 episcopi
2089 1843 2370 1909 paphensis

191 1914 357 1962 bonae
387 1914 666 1962 memoriae
695 1912 948 1963 aedificari
975 1914 1176 1980 incepta
1196 1915 1306 1978 fuit,
1327 1916 1514 1965 deinde
1534 1916 1906 1966 monasterium
1937 1916 1986 1966 S.
2005 1917 2194 1966 Mariae
2214 1918 2369 1967 trium

191 1989 493 2036 umbrarum
522 1988 576 2036 in
605 1988 903 2054 episcopatu
924 1989 1185 2055 Lyddensi
1215 2005 1374 2055 prope
1405 1990 1655 2039 civitatem
1676 1991 2075 2040 Ramathensem
2107 2009 2223 2041 cum
2256 2009 2370 2058 per—

190 2061 433 2125 tinentiiS,
454 2063 674 2111 domum
694 2062 746 2111 in
766 2064 1017 2112 suburbio
1035 2064 1281 2129 Joppensi
1311 2081 1471 2130 prope
1501 2078 1718 2131 portam,
1741 2082 1842 2130 qua
1871 2066 1971 2114 itur
1989 2066 2369 2133 Hierosolyma,

132 2186 134 2188 ,
190 2136 408 2185 domum
450 2136 704 2199 Nicosiae,
747 2154 804 2185 ex
846 2138 989 2186 dono
1029 2138 1242 2201 Baliani,
1285 2138 1484 2188 domini
1525 2139 1865 2203 Sidoniensis,
1901 2141 2087 2190 domos
2128 2154 2175 2190 et
2204 2155 2369 2190 curtes

190 2210 539 2274 Sidonienses,
582 2214 790 2261 Accone
819 2228 878 2260 ex
908 2212 1049 2261 dono
1079 2212 1351 2262 Guarnerii
1393 2213 1670 2263 Alemanni
1710 2231 1948 2264 annuum
1987 2216 2244 2265 redditum
2276 2217 2370 2265 XX

189 2284 488 2335 modiorum
508 2285 767 2350 frumenti,
785 2286 971 2335 domos
990 2286 1042 2334 in
1062 2288 1187 2335 urbe
1202 2287 1403 2353 Tripoli
1424 2305 1483 2336 ex
1502 2289 1644 2338 dono
1662 2289 1912 2355 praefatae
1931 2290 2135 2354 reginae
2156 2289 2369 2355 ejusque

190 2358 279 2408 filii
318 2359 474 2424 regis,
528 2372 639 2409 tum
681 2360 815 2409 XLII
854 2361 1060 2410 modios
1106 2361 1367 2425 frumenti,
1413 2363 1668 2412 CCLXVI
1709 2376 1943 2413 metretas
1983 2364 2107 2429 vini,
2153 2364 2367 2413 totidem

188 2445 324 2483 rotas
352 2434 498 2498 casei,
518 2435 727 2485 LXXVI
754 2435 1142 2498 leguminorum
1175 2436 1395 2499 modios,
1424 2437 1543 2486 XIX
1571 2437 1655 2486 risi
1686 2438 1908 2502 modios,
1928 2439 2070 2488 XCV
2091 2439 2190 2488 olei
2219 2452 2369 2501 rotas,

187 2508 446 2558 XXXVIII
474 2522 607 2558 rotas
646 2509 862 2575 zuccari,
908 2510 996 2558 XII
1036 2522 1170 2559 rotas
1210 2511 1557 2571 candelarum,
1599 2512 1684 2561 LII
1723 2525 1856 2561 rotas
1900 2514 2124 2578 saponis,
2173 2514 2368 2563 MXCII

189 2582 434 2631 bisantios
481 2584 623 2633 albos
664 2583 717 2632 in
757 2583 1040 2633 redditibus
1085 2584 1294 2633 civitatis
1339 2598 1386 2634 et
1428 2586 1667 2635 territorii
1711 2587 1993 2652 paphensis
2039 2587 2368 2653 percipienda

188 2656 473 2721 confirmat,
493 2671 650 2723 prout
677 2658 728 2706 in
759 2658 917 2724 ipsius
947 2658 1078 2722 regis
1108 2659 1276 2707 charta
1306 2659 1510 2724 plenius
1540 2661 1832 2710 continetur
1861 2662 2206 2726 (UghelliVII,
2228 2680 2274 2728 p.
2301 2679 2365 2727 30

186 2745 358 2795 —423
390 2733 633 2796 Potthast,
665 2733 762 2784 No.
793 2733 998 2797 106953
1032 2732 1090 2782 cf.
1122 2733 1372 2783 Robricht
1400 2734 1453 2783 in
1482 2735 1676 2785 ZDPV.
1696 2736 1759 2799 X,
1781 2752 1830 2802 p.
1855 2737 2179 2802 229—230).
2219 2736 2367 2784 1085

290 2832 439 2883 1239
467 2836 574 2885 Jan.
611 2853 693 2901 24,
735 2836 841 2886 ind.
871 2837 976 2888 XII.
1030 2837 1174 2902 Tyri.
1215 2866 1288 2872 —-
1327 2838 1607 2888 Riccardus
1649 2839 1987 2903 Filangerius,
2031 2843 2367 2891 marescalcus

187 2909 463 2975 imperialis
492 2923 539 2959 et
567 2911 710 2974 regni
742 2911 1201 2977 Hierosolymitani
1241 2910 1460 2976 bajulus,
1502 2912 1671 2977 sigillo
1712 2914 1999 2978 confirmat,
2042 2915 2365 2965 Sitalmelech

187 2982 493 3049 (Sitalmale),
548 2983 705 3033 filiam
750 2986 1020 3050 quondam
1065 2986 1392 3035 Abdelmesie
1439 2987 1660 3049 Susiani,
1706 2986 1921 3054 ejusque
1967 2989 2099 3038 filios
2146 2992 2367 3040 Munsur

187 3056 440 3121 (Monsur)
470 3071 516 3107 et
546 3058 760 3108 Siliman
780 3059 1008 3123 (Silman)
1039 3075 1210 3108 coram
1241 3078 1292 3109 se
1323 3074 1368 3109 et
1398 3061 1700 3112 hominibus
1728 3063 1877 3127 ligiis,
1908 3063 2096 3113 scilicet
2126 3065 2364 3131 Philippo

189 3132 250 3181 de
270 3132 551 3196 Malgastel,
572 3133 862 3183 Guarnerio
881 3134 1214 3183 Theutonico
1244 3135 1425 3184 domui
1443 3136 1894 3186 Theutonicorum
1917 3152 2149 3203 quartam
2173 3154 2364 3205 partem

187 3206 360 3255 casalis
389 3207 602 3256 Cabesie
632 3207 880 3272 (Cabecie)
911 3209 1070 3258 CCVI
1101 3208 1328 3258 bisantiis
1365 3210 1655 3260 vendidisse
1687 3224 1733 3260 et
1763 3211 1923 3277 ipsius
1963 3227 2170 3278 quartae
2211 3214 2365 3279 partis

186 3280 406 3329 sasinam
435 3280 570 3330 fratri
590 3282 870 3331 Deutisalvi
901 3283 962 3331 de
992 3283 1098 3348 ipsa
1129 3284 1289 3332 domo
1309 3300 1402 3350 pro
1425 3285 1602 3334 eadem
1624 3286 1785 3335 domo
1806 3286 2006 3336 dedisse
2032 3286 2065 3349 ¹)
2097 3288 2361 3347 <Strehll<e,

186 3370 235 3420 p.
267 3355 500 3419 67—68,
530 3356 630 3405 No.
664 3358 759 3421 853
803 3357 863 3406 cf.
896 3374 943 3422 p.
986 3358 1115 3421 124).
2215 3361 2361 3409 1086

312 3439 340 3495 ¹)
374 3439 425 3482 P.
457 3454 536 3496 124
558 3440 771 3484 additur:
797 3440 1100 3485 confirmatio
1126 3440 1274 3484 Rauili
1298 3442 1539 3500 Tyrensis.

335 3564 365 3588 ‚,
444 3527 590 3577 Febr.
633 3532 826 3578 Accon.
857 3558 927 3562 —
958 3528 1221 3591 Girardus,
1265 3530 1502 3579 ecclesiae
1547 3532 1741 3579 Montis
1783 3532 1926 3598 Syon
1968 3534 2136 3592 abbas,
2180 3534 2360 3583 domui

187 3599 638 3651 Theutonicorum
667 3602 852 3668 petiam
885 3615 1041 3651 terrae
1072 3602 1124 3651 in
1152 3603 1403 3652 territorio
1433 3606 1764 3669 Acconensis,
1784 3607 1926 3671 quod
1960 3608 2113 3655 Mons
2144 3625 2360 3673 suspen—

187 3689 365 3723 sorum
403 3688 625 3739 vocatur,
666 3677 812 3725 sitam
852 3678 948 3725 sub
989 3693 1165 3725 annuo
1207 3693 1364 3727 censu
1396 3680 1487 3727 XX
1519 3679 1857 3729 bisantiorum
1890 3682 2163 3729 tenendam
2194 3682 2360 3744 sigillo

188 3748 438 3798 concedit.
498 3750 634 3798 Huic
662 3766 783 3799 vero
812 3764 971 3799 terrae
1002 3764 1073 3799 est
1102 3750 1321 3800 confinis
1358 3770 1414 3801 ex
1460 3767 1595 3818 parte
1637 3754 1849 3802 orientis
1891 3768 2016 3803 terra
2046 3756 2269 3821 'l‘empli,
2302 3775 2358 3805 ex

187 3835 326 3887 parte
367 3822 645 3872 occidentis
681 3825 861 3874 hortus
889 3824 1114 3890 Templi,
1146 3826 1233 3889 qui
1264 3826 1390 3875 situs
1419 3841 1490 3876 est
1521 3844 1679 3893 prope
1710 3828 2030 3877 cimeterium
2063 3831 2110 3878 S.
2145 3830 2356 3884 Nicolai.

188 3912 248 3945 ex
278 3908 415 3962 parte
444 3898 808 3963 septentrionis
847 3912 976 3948 terra
1016 3899 1065 3948 S.
1099 3899 1269 3948 Lazari
1300 3901 1360 3950 de
1391 3902 1652 3958 Bethania,
1694 3919 1752 3950 ex
1795 3916 1929 3967 parte
1971 3904 2171 3952 australi
2212 3918 2358 3953 strata

187 3970 406 4036 publica.
436 3999 508 4004 —-
539 3973 863 4037 Bertrandus,
908 3973 1322 4040 archiepiscopus
1366 3976 1723 4040 Caesariensis,
1773 3978 2039 4031 lladull'us.
2086 3979 2357 4046 episeopus
