2684 4244
219 1317 395 1388 (1097
427 1320 564 1386 Sept.
606 1333 808 1370 exeunt.
830 1319 885 1383 ?).
915 1348 987 1354 —
1016 1319 1292 1382 (Simeon),
1324 1319 1605 1385 patriarcha
1634 1319 2141 1386 Hierosolymitanus
2179 1321 2235 1384 1),
2274 1334 2321 1370 et

143 1397 462 1462 Haymarus,
508 1395 571 1444 de
615 1394 780 1444 Podio
834 1394 882 1444 S.
928 1395 1116 1443 Mariae
1171 1394 1470 1460 episcopUS,
1520 1394 1934 1444 christifidelibus
1988 1395 2040 1444 in
2092 1396 2320 1461 partibus

144 1469 422 1536 Aquilonis
450 1469 795 1518 habitantibus
829 1469 1073 1534 scribunt,
1109 1485 1240 1533 quae
1270 1468 1364 1534 ipsi
1394 1469 1646 1534 praeclare
1676 1482 1947 1533 gesserunt
1976 1469 2238 1531 (Archives
2257 1470 2319 1519 de

142 1544 363 1594 l'Orient
389 1544 511 1593 latin
538 1544 572 1605 Ι,
604 1560 652 1610 p.
677 1560 798 1606 221,
828 1543 928 1593 No.
963 1560 1015 1605 23
1047 1543 1108 1592 cf.
1141 1560 1188 1609 p.
1221 1560 1520 1608 152—155,
1552 1544 1650 1593 No.
1675 1543 1775 1607 90).
1806 1538 1820 1612 ΙΙ
1839 1541 2009 1593 *Idem
2040 1545 2320 1610 patriarcha

143 1619 295 1681 (med.
317 1618 495 1667 Octob.
526 1616 758 1682 ejusdem
788 1618 925 1681 anni)
956 1634 1074 1667 cum
1099 1617 1273 1684 Syriae
1303 1618 1558 1684 episcopis
1576 1619 1768 1682 graecis
1797 1631 1845 1667 et
1872 1619 2118 1668 exercitus
2145 1636 2320 1668 cruce-

141 1693 460 1758 signatorum
490 1692 657 1741 latinis
686 1692 1101 1742 Occidentalibus
1141 1692 1358 1755 nuntiat,
1400 1708 1532 1757 quae
1572 1693 1742 1742 adhuc
1779 1706 2064 1757 gesserunt,
2103 1706 2150 1742 et
2177 1694 2320 1742 auxi-

141 1768 270 1817 lium
299 1768 361 1816 ab
390 1767 571 1816 iisdem
601 1767 723 1834 petit
751 1766 889 1829 (ibid.
922 1766 956 1831 I,
988 1783 1035 1833 p.
1078 1784 1379 1831 155-159,
1411 1767 1509 1816 No.
1543 1767 1646 1831 91).
2290 1767 2311 1815 1

268 1853 299 1906 ¹)
322 1851 395 1895 De
420 1865 477 1896 eo
503 1850 559 1895 cf.
585 1852 936 1910 Hagenmeyer,
961 1851 1105 1895 Gesta
1128 1851 1438 1907 Francorum,
1462 1850 1750 1909 Heidelberg
1781 1850 1905 1910 1890,
1929 1866 1973 1909 p.
1995 1850 2096 1907 481.

215 1930 233 1994 (
310 1966 340 1992 „
420 1930 552 1979 Nov.
585 1930 815 1993 ineunt).
856 1930 1175 1980 Antiochiae.
1209 1959 1282 1964 ——
1322 1931 1750 1980 *Bohemundus
1779 1931 1796 1979 1
1824 1930 2063 1997 princeps
2092 1931 2319 1995 Rogerio

140 2003 357 2065 nuntiat,
395 2005 669 2069 quomodo
702 2005 976 2054 Antiochia
1005 2005 1198 2071 potitus
1237 2005 1299 2054 sit
1327 2004 1591 2067 (Archives
1620 2005 1655 2069 Ι,
1696 2022 1744 2071 p.
1777 2006 1891 2069 160,
1934 2006 2034 2055 No.
2068 2019 2162 2070 93;
2194 2005 2319 2055 aliae

139 2077 375 2142 ejusdem
391 2078 634 2145 epistolae
654 2079 796 2128 fictae
815 2092 1173 2129 memorantur
1191 2079 1456 2146 ibid.1,p.1
1477 2096 1498 2145 5
1518 2097 1557 2145 1,
1578 2080 1778 2141 N0.88;
1802 2097 1849 2146 p.
1866 2097 1980 2144 172,
2002 2081 2101 2129 No.
2118 2079 2251 2145 103).
2281 2078 2319 2127 2

213 2167 232 2231 (
309 2206 339 2230 „
417 2167 590 2229 Now).
622 2169 853 2219 Edessae.
873 2198 944 2202 —
972 2169 1196 2232 Thoros,
1226 2169 1465 2235 princeps
1493 2169 1730 2233 Edessae,
1760 2169 2093 2233 Balduinum,
2115 2169 2319 2218 fratrem

140 2241 427 2292 Godofredi
456 2243 618 2307 ducis,
658 2256 817 2308 rogat,
859 2256 915 2293 ut
954 2244 1199 2292 Edessam
1229 2256 1445 2310 occupet
1473 2252 1648 2293 contra
1676 2243 1908 2293 infideles
1938 2243 2320 2293 defendendam

141 2315 405 2379 (Archives
433 2316 467 2382 Ι,
496 2334 546 2383 p.
587 2318 675 2368 161
696 2319 888 2382 —162,
920 2319 1018 2367 No,
1049 2334 1144 2382 953
1182 2317 1242 2367 cf.
1273 2334 1322 2383 p.
1364 2334 1478 2383 147,
1508 2319 1592 2368 No
1623 2319 1874 2382 76—77).
2284 2317 2319 2365 3

214 2405 232 2470 (
310 2443 341 2468 „
418 2405 580 2469 Dec.).
611 2407 846 2457 Cahirae.
880 2436 939 2441 —
980 2408 1136 2456 Malik
1164 2407 1235 2456 al—
1263 2407 1431 2470 Afdal,
1460 2407 1660 2457 vezirus
1688 2407 1927 2474 Aegypti,
1958 2407 2319 2472 crucesignatis

140 2479 446 2530 amicissime
475 2482 754 2547 respondet
793 2499 987 2547 eosque
1028 2495 1222 2540 monet,
1265 2494 1320 2531 ut
1346 2482 1551 2532 Turcos
1580 2482 1852 2546 debellent,
1896 2499 2104 2532 necnon
2143 2483 2319 2547 legatis

140 2554 247 2604 suis
291 2555 549 2620 concedit,
596 2569 651 2605 ut
690 2573 810 2606 cum
847 2557 1041 2606 Latinis
1083 2556 1266 2606 foedus
1308 2569 1483 2606 contra
1523 2557 1736 2606 eosdem
1777 2557 1962 2606 faciant
1990 2556 2254 2619 (Archives
2283 2557 2316 2613 Ι,

141 2645 190 2695 p.
230 2630 532 2695 162—-164,
562 2631 661 2680 No.
695 2632 791 2695 963
822 2631 883 2680 cf.
914 2648 963 2697 p.
995 2632 1296 2696 146-147,
1327 2632 1423 2682 No.
1455 2647 1549 2696 75;
1581 2648 1630 2697 p.
1662 2632 1776 2695 168,
1807 2632 1907 2681 No.
1939 2636 2043 2696 99).
2284 2629 2321 2678 4

216 2717 234 2781 (
312 2757 342 2781 „
420 2718 533 2769 Oct.
567 2721 828 2770 28—Jun.
861 2737 885 2786 3
926 2719 1110 2783 1098).
1153 2720 1209 2769 In
1238 2720 1407 2769 castris
1436 2720 1757 2770 Antiochiae.
1788 2748 1859 2754 —-
1888 2720 2150 2787 Principes
2178 2737 2319 2769 exer-

140 2791 270 2842 citus
298 2793 694 2844 christianorum
716 2795 1008 2860 Dokakum,
1040 2795 1325 2861 principem
1355 2795 1609 2859 Damasci,
1639 2808 1836 2860 rogant,
1867 2807 1922 2844 ut
1950 2795 2003 2844 in
2032 2795 2167 2844 bello
2194 2795 2322 2844 inter

140 2866 280 2933 ipsos
308 2881 355 2917 et
382 2868 802 2933 Yaghi-Sianum
831 2883 1008 2919 exorto
1037 2870 1271 2919 neutrius
1300 2882 1465 2936 partes
1493 2882 1739 2935 sequatur
1766 2869 2034 2933 (Archives
2063 2870 2097 2934 Ι,
2127 2887 2176 2936 p.
2204 2887 2318 2932 171,

142 2942 241 2992 No.
278 2942 408 3005 102).
2284 2943 2319 2991 5

215 3030 391 3096 (1098
420 3049 461 3082 c.
492 3033 638 3083 Febr.
680 3031 798 3101 15.).
856 3034 1174 3084 Antiochiae.
1216 3063 1282 3067 —
1325 3033 1496 3098 Yaghi
1534 3033 1671 3097 Sian,
1717 3034 1956 3100 princeps
1997 3033 2319 3098 Antiochiae,

141 3106 453 3171 Kerbogam,
498 3108 784 3175 principem
828 3108 1123 3171 Mossuliae,
1164 3121 1323 3173 rogat,
1355 3122 1410 3157 ut
1437 3108 1532 3157 sibi
1560 3108 1811 3158 auxilium
1841 3108 2001 3157 mittat
2029 3109 2090 3157 ad
2122 3108 2319 3157 christi-

141 3196 268 3231 anos
297 3181 631 3232 debellandos
660 3182 922 3245 (Archives
951 3182 985 3246 Ι,
1017 3199 1064 3249 p.
1108 3184 1221 3246 167,
1252 3183 1350 3232 No.
1384 3183 1487 3247 98).
2284 3181 2319 3229 6

216 3267 234 3334 (
311 3306 342 3331 ,,
421 3271 538 3321 Jun.
566 3272 775 3337 5—13).
832 3272 887 3320 In
917 3272 1087 3320 castris
1119 3271 1440 3321 Antiochiae.
1477 3300 1535 3306 -—
1583 3272 1878 3336 Kerbogha,
1909 3271 2146 3338 princeps
2178 3272 2319 3320 Mos-

141 3343 318 3408 suliae,
338 3344 565 3411 caliphae
585 3346 904 3410 Bagdadensi
934 3359 980 3395 et
1008 3346 1226 3396 soldano
1245 3346 1521 3396 Barkiarok
1547 3363 1686 3395 arma
1705 3346 1987 3412 peregrinis
2007 3346 2320 3412 pauperibus

142 3430 313 3484 erepta
352 3418 518 3484 mittit,
559 3432 615 3470 ut
657 3422 906 3484 ostendat,
954 3437 1110 3485 quam
1142 3420 1283 3470 facile
1313 3420 1573 3470 christiani
1602 3421 1735 3470 vinci
1766 3420 1965 3487 possint
1993 3420 2256 3483 (Archives
2286 3420 2318 3482 1,

144 3507 192 3558 p.
233 3509 533 3560 172—173,
563 3495 661 3546 No,
700 3496 830 3560 104).
2285 3492 2318 3541 7

218 3579 235 3645 (
313 3619 342 3645 „
422 3600 461 3632 c.
502 3584 618 3633 Jun.
661 3584 754 3648 15).
808 3583 1113 3635 Philomelii.
1141 3612 1209 3618 —-
1241 3583 1452 3633 Alexius
1493 3585 1819 3647 Comnenus,
1862 3583 2138 3650 imperator
2178 3584 2319 3633 Con—

143 3655 645 3723 stantinopolitanus,
667 3658 915 3707 Malikum
938 3658 1008 3706 al—
1030 3658 1179 3708 Afdal
1199 3671 1392 3723 monet,
1414 3675 1476 3708 ne
1508 3659 1691 3708 foedus
1710 3659 1840 3707 inter
1858 3658 2029 3724 ipsum
2048 3671 2094 3707 et
2114 3658 2322 3707 Latinos

144 3728 334 3780 factum
362 3746 525 3781 servet
554 3731 816 3794 (Archives
846 3733 879 3796 I,
911 3750 957 3798 p.
1001 3749 1300 3798 174—175,
1332 3734 1430 3783 No.
1473 3733 1602 3797 105).
2285 3732 2320 3780 8

217 3819 235 3879 (
313 3857 343 3882 „
421 3821 538 3870 Jun.
579 3822 678 3886 29).
734 3821 1054 3871 Antiochiae.
1098 3850 1168 3856 —
1209 3818 1557 3871 *Tancredus
1600 3822 1827 3886 Rogerio
1868 3822 2059 3870 Bursae
2102 3821 2319 3878 nuntiat.

144 3892 491 3959 Kerbogham,
523 3896 809 3962 principem
830 3896 1154 3960 Antiochiae,
1184 3913 1211 3945 a
1240 3896 1526 3946 christianis
1555 3896 1816 3946 devictum
1851 3914 1958 3945 esse
1988 3894 2255 3959 (Archives
2286 3896 2318 3953 Ι,

144 3981 194 4032 p.
234 3984 348 4035 175,
378 3969 478 4018 N0.
519 3968 650 4032 106).
2284 3969 2319 4015 9

233 4064 266 4099 R
280 4068 303 4100 ὃ
318 4066 340 4100 11
354 4077 371 4100 1·
385 4066 393 4101 i
407 4077 427 4101 c
442 4066 463 4101 h
480 4073 503 4109 t,
541 4067 715 4111 Regesta.
1970 4084 1981 4114 1
