2684 4244
868 150 999 208 regni
1022 148 1457 209 Hierosolymitani.
2142 173 2235 220 341

175 338 316 388 1261
354 340 470 405 Maj.
509 360 522 390 1
562 341 786 406 (gallice).
825 370 883 376 ——
917 341 1092 390 Balian
1122 342 1381 406 d'Ybelin,
1425 341 1673 391 dominus
1702 342 1935 407 d'Arsur,
1979 357 2246 394 enumerat

72 427 121 466 et
158 413 326 480 sigillo
366 415 635 465 confirmat
673 416 887 466 vasallos
932 416 1150 465 dominii
1194 416 1290 479 sui,
1332 416 1422 481 qui
1467 433 1608 465 nunc
1648 415 1898 482 stipendia
1938 418 2244 484 accipientes

70 489 324 555 Hospitali
354 490 539 539 servire
568 503 835 540 tenentur:
876 491 1042 540 Johan
1073 491 1134 540 de
1163 491 1466 555 Cauquelie,
1499 490 1785 540 Dimenche
1814 491 2048 555 d⁷Arsur,
2077 494 2244 542 Johan

70 564 132 613 de
161 564 374 629 Margat,
395 563 545 614 Odde
574 565 637 614 de
666 564 964 630 Selouquie,
994 565 1159 615 Johan
1190 565 1422 625 d'Arsur,
1452 565 1618 614 Johan
1647 566 1710 614 de
1740 565 1972 630 Giberin,
2002 567 2152 616 Raou
2181 568 2244 617 de

70 637 252 701 Merlo,
293 638 396 688 Gui
438 639 671 701 d'Arsur,
714 639 951 703 magister
989 640 1166 688 Petrus
1206 639 1368 688 Faber
1407 638 1591 701 (pierre
1631 639 1677 688 16
1717 640 2071 706 charpentier),
2113 658 2245 690 uxor

69 712 297 763 Gervasii
318 712 579 776 (Gervais),
608 713 743 762 filius
764 714 1003 762 Destiene
1024 714 1262 777 Vescont,
1281 714 1450 762 Adam
1478 726 1525 762 et
1542 712 1678 762 filius
1698 714 1760 762 de
1779 714 1987 778 Brehin,
2007 716 2032 764 J
2036 715 2244 765 ohanna

69 786 261 849 (Jhane)
291 803 386 853 pro
414 786 520 837 filio
549 788 738 851 Jacobi,
768 788 983 837 heredes
1002 787 1219 837 Antonii
1249 787 1509 850 (Antoine)
1530 787 1795 853 Chapelet,
1816 789 2058 853 magister
2078 790 2244 854 Alain,

68 860 309 925 magister
347 861 515 911 Pierre
551 862 614 911 de
642 862 896 926 BiauvaiS,
938 862 1214 912 Guillelme
1243 862 1288 911 le
1318 862 1595 926 boutillier,
1636 862 1958 912 Bartheleme
1992 876 2039 913 et
2077 864 2243 914 Johan

67 935 258 984 scribae
289 935 612 1000 (escrivains),
654 937 894 1000 magister
933 937 1143 1000 Robert,
1186 937 1400 986 heredes
1437 937 1499 985 de
1528 937 1704 986 Vassal
1741 937 1788 985 le
1829 936 1977 998 Quec
2018 938 2240 1002 (Cocus),

65 1010 313 1059 Bertrand
340 1010 386 1059 le
417 1010 580 1073 Quec,
610 1011 926 1077 praedicator
945 1010 1167 1076 (prestre)
1187 1011 1379 1073 Linart,
1401 1011 1454 1059 in
1474 1009 1620 1073 cujus
1640 1010 1908 1077 privilegio
1928 1026 2245 1062 memoratur

64 1084 205 1133 lacus
233 1084 296 1134 de
325 1084 596 1149 Catorie,1)
624 1085 871 1151 Phelippe
901 1086 1006 1135 dou
1036 1083 1171 1149 juge,
1203 1085 1339 1135 filius
1366 1085 1613 1135 Guilelmi
1642 1086 1933 1135 marescalci
1963 1086 2024 1148 (le
2053 1103 2243 1137 mares-

66 1158 233 1223 chau),
274 1158 410 1208 filius
448 1159 730 1222 Johan(nis)
769 1160 830 1208 de
872 1159 1175 1222 Soraguiau.
1205 1188 1276 1194 —
1304 1160 1471 1210 Johan
1513 1160 1574 1208 de
1615 1160 1920 1225 Cauquelie,
1962 1160 2113 1211 Odde
2155 1162 2243 1211 des

66 1233 240 1297 MonS,
286 1233 589 1298 Dimenche,
630 1233 931 1283 castellanus
971 1234 1203 1298 d’Arsur,
1248 1235 1416 1283 Johan
1456 1235 1519 1283 de
1561 1235 1776 1299 Margat,
1818 1235 1985 1284 Johan
2026 1235 2244 1285 d’Arsur

65 1306 239 1371 (Paoli,
270 1307 463 1358 Codice
493 1308 527 1372 I,
558 1325 606 1374 p.
649 1325 949 1374 171—173,
979 1309 1079 1358 No.
1122 1325 1244 1373 1403
1288 1309 1348 1358 cf.
1377 1309 1498 1358 Lois
1530 1306 1627 1373 [ed.
1656 1307 1911 1373 Beugnot]
1943 1309 1976 1374 I,
2019 1327 2068 1376 p.
2110 1327 2240 1375 355;

63 1381 280 1446 EracleS,
309 1398 357 1448 p.
387 1382 530 1447 446).
2093 1384 2243 1433 1302

189 1467 222 1520 ¹)
255 1465 393 1510 Nunc
417 1466 586 1510 bahret
608 1465 790 1511 katfirie
813 1465 935 1510 inter
957 1467 1170 1511 Dschelil
1195 1477 1240 1511 et
1263 1465 1416 1511 Arsfif
1432 1465 1576 1510 situm
1600 1466 1804 1525 (Gestes,
1828 1482 1871 1526 p.
1896 1469 1987 1527 99).

138 1548 158 1620 (
222 1589 253 1615 ,,
331 1568 373 1602 6.
402 1552 520 1602 Jun.
560 1552 659 1615 18).
688 1581 761 1587 —
788 1552 966 1603 Guido
995 1554 1057 1603 de
1084 1553 1404 1618 Basainvilla,
1439 1552 1668 1603 visitator
1694 1554 1903 1620 Templi
1931 1555 1985 1604 in
2013 1556 2242 1622 partibus

65 1625 418 1691 citramariniS,
462 1626 598 1675 fratri
636 1627 895 1677 Franconi
925 1628 986 1677 de
1015 1629 1209 1692 BornO,
1251 1628 1569 1695 praeceptori
1609 1640 1657 1677 et
1690 1629 1868 1678 locum
1895 1632 2241 1697 praeceptoris

62 1700 271 1767 Templi
290 1700 343 1750 in
361 1701 640 1766 Aquitania
660 1702 872 1766 tenenti,
893 1714 1129 1752 tenorem
1148 1702 1409 1769 epistolae,
1431 1719 1589 1768 quam
1611 1704 1747 1769 apud
1768 1704 2158 1755 Castrodunum
2187 1706 2241 1755 in

62 1775 234 1842 vigilia
262 1774 312 1825 S.
333 1776 593 1825 Barnabae
621 1775 660 1839 (1
675 1793 705 1826 o
724 1776 860 1840 Jun.)
890 1794 916 1825 a
944 1778 1187 1842 magistro
1206 1778 1415 1827 Thoma
1433 1777 1639 1827 Berardi
1658 1778 1899 1844 scriptam
1916 1792 2191 1845 acceperat,
2207 1781 2239 1844 l)

62 1850 410 1900 communicat
427 1867 484 1899 ac
502 1850 721 1915 nuntiat,
742 1850 795 1900 in
814 1851 1027 1900 Francia
1046 1852 1317 1916 negotium
1334 1852 1524 1901 Terrae
1544 1852 1756 1902 Sanctae
1779 1853 2050 1919 multiplici
2078 1856 2239 1905 modo

61 1924 358 1991 promoveri
386 1941 443 1973 ac
471 1923 608 1989 juxta
635 1926 940 1974 mandatum
968 1943 1127 1992 papae
1158 1927 1211 1976 in
1239 1926 1478 1993 proximo
1513 1926 1721 1976 instanti
1752 1926 1880 1976 festo
1910 1928 1998 1978 SS.
2032 1929 2163 1978 Petri
2192 1942 2239 1979 et

61 1999 205 2049 Pauli
234 1997 319 2062 (28
338 1999 474 2063 Jun.)
504 1999 719 2050 nuntios
748 2000 810 2049 ad
836 2000 1027 2050 curiam
1051 2002 1339 2050 Romanam
1368 2001 1646 2051 mittendos
1665 2018 1791 2066 esse,
1812 2002 1902 2067 qui
1922 2003 1984 2051 de
2004 2003 2238 2069 quinque

61 2068 285 2124 articulis
313 2073 587 2123 consulant
613 2074 802 2123 scilicet
830 2075 891 2124 de
924 2076 1133 2140 negotio
1162 2076 1352 2125 Terrae
1382 2075 1611 2140 Sanctae,
1643 2076 1705 2125 de
1736 2076 1868 2126 facto
1886 2077 2239 2143 Tartarorum,

61 2148 124 2198 de
153 2148 384 2198 subsidio
413 2148 1015 2215 Constantinopolitano,
1057 2151 1120 2200 de
1161 2151 1374 2215 negotio
1414 2151 1559 2215 regni
1600 2150 1797 2200 Siciliae
1826 2163 1875 2200 et
1902 2152 1964 2201 de
2005 2152 2238 2219 principe

60 2222 384 2288 Antiochiae,
425 2239 545 2288 rege
584 2224 878 2288 Armeniae,
923 2241 1042 2289 rege
1084 2226 1300 2275 Russiae
1344 2225 1558 2290 aliisque
1601 2225 1938 2292 principibus,
1984 2227 2074 2292 qui
2119 2244 2239 2277 cum

61 2297 285 2347 Tartaris
313 2297 499 2348 foedus
527 2297 756 2347 inierunt
784 2298 948 2361 (Mon.
979 2299 1135 2349 Boica
1163 2300 1327 2349 XXIX
1340 2301 1397 2365 B,
1433 2316 1482 2366 p.
1523 2318 1707 2365 197-
1727 2317 1855 2362 202;
1900 2301 1961 2351 cf.
1991 2302 2239 2351 Archives

62 2372 124 2422 de
151 2371 374 2422 l’Orient
399 2371 525 2422 latin
553 2373 587 2437 I,
617 2389 666 2439 p.
699 2374 822 2438 635,
854 2385 960 2423 not.
1002 2374 1094 2438 10).
2089 2376 2238 2425 1303

186 2459 220 2513 1)
254 2456 326 2502 Cf.
351 2471 494 2516 supra
517 2458 607 2502 No.
640 2473 762 2517 1299.

210 2581 242 2606 ,‚
320 2547 456 2610 Aug.
484 2562 561 2598 17.
592 2543 821 2609 Viterbii,
842 2557 1051 2594 vacante
1070 2546 1307 2594 Romana
1326 2544 1550 2595 ecclesia.
1570 2573 1643 2580 -——
1660 2546 1878 2595 Jacobus
1897 2547 2239 2612 pantaleonis,

61 2618 344 2686 patriarcha
382 2618 905 2686 Hierosolymitanus,
947 2619 1263 2684 G(uillemo),
1304 2620 1470 2669 abbati
1516 2620 1578 2669 de
1624 2620 1960 2685 Monasterio,
2006 2638 2239 2686 quocum

62 2692 263 2742 Parisiis
278 2692 567 2759 theologiae
586 2694 768 2744 studiis
783 2694 909 2744 olim
927 2711 979 2743 se
995 2695 1216 2758 dederat,
1232 2695 1631 2759 congratulatur,
1647 2696 1790 2760 quod
1809 2695 1863 2744 in
1882 2696 2238 2762 episcopatum

64 2768 474 2818 Laudunensum
503 2781 707 2818 evectus
737 2769 914 2833 fuerat,
951 2781 999 2818 et
1027 2769 1314 2835 pollicetur,
1355 2786 1406 2818 se
1437 2769 1634 2818 Romae
1664 2781 1955 2819 morantem
1985 2771 2030 2819 ei
2060 2771 2238 2821 utilem

65 2842 299 2892 futurum
337 2859 445 2892 esse
486 2842 656 2909 (PariS,
697 2843 826 2893 Bibl.
870 2843 1065 2893 nation.
1107 2860 1244 2893 man.
1286 2843 1367 2893 lat.
1420 2860 1616 2909 17193,
1659 2844 1745 2894 fol.
1786 2846 1882 2894 188
1918 2857 1966 2894 et
1995 2845 2081 2895 fol.
2123 2848 2237 2910 189,

62 2933 102 2967 S.
130 2916 285 2982 XVII,
315 2918 465 2984 cop.).
2090 2919 2241 2969 1304

212 3053 243 3078 ‚‚
320 3012 454 3080 Aug.
479 3016 562 3065 28.
593 3014 845 3065 Nicosiae.
865 3044 936 3050 ———
964 3016 1139 3080 Hugo,
1170 3014 1305 3065 filius
1335 3015 1595 3082 (Galterii),
1626 3015 1827 3066 comitis
1856 3018 2146 3083 Brenensis,
2178 3019 2239 3068 ad

65 3088 433 3139 Theobaldum
451 3090 514 3151 V,
543 3090 788 3140 comitem
816 3089 1146 3156 Campaniae,
1179 3090 1331 3139 mittit
1357 3090 1814 3141 Bartholomaeum
1845 3092 1906 3141 de
1937 3093 2164 3142 Marchia
2193 3107 2239 3142 et

65 3174 225 3228 rogat,
242 3175 299 3214 ut
312 3164 481 3214 eidem
496 3165 633 3213 bona
648 3165 823 3229 tradat,
834 3181 964 3231 quae
981 3165 1327 3214 conventione
1344 3181 1463 3214 cum
1474 3165 1783 3216 Theobaldo
1803 3166 1869 3217 lV
1889 3166 2015 3215 facta
2034 3167 2237 3231 Alisiae,

66 3237 273 3302 reginae
302 3238 478 3305 Cypri,
510 3239 839 3303 contigerunt
869 3239 1142 3302 (D'Arbois
1172 3240 1233 3288 de
1262 3239 1566 3289 Jubainville
1597 3241 1657 3303 V,
1699 3258 1747 3307 p.
1785 3258 1903 3306 503,
1934 3242 2034 3291 No,
2070 3259 2236 3306 3233ς

67 3311 128 3361 cf.
160 3312 259 3362 No.
284 3328 440 3378 2309,
465 3330 622 3379 2351,
647 3316 804 3378 2828,
829 3316 1210 3379 2955-2956,
1235 3316 1371 3379 3128
1403 3327 1449 3363 et
1477 3331 1630 3381 supra
1649 3316 1750 3365 No.
1774 3316 2039 3378 860110t.).
2091 3315 2238 3364 1305

214 3444 244 3469 ‚‚
325 3407 461 3475 Sept.
486 3426 569 3459 21.
599 3412 795 3460 Accon.
816 3440 837 3442 *
891 3410 1219 3474 Benedictus,
1237 3410 1266 3473 ¹)
1287 3410 1561 3477 episcopus
1582 3410 1930 3476 MassiliensiS,
1951 3411 2239 3475 T(homac),

68 3481 118 3531 S.
140 3484 200 3532 A.
231 3481 399 3548 legato
419 3495 467 3532 et
486 3484 796 3550 patriarchae
826 3484 1316 3550 Hierosolymitano,
1347 3498 1613 3535 tractatum
1641 3502 1798 3535 suum
1827 3487 1888 3535 de
1920 3486 1968 3535 S.
1989 3487 2036 3535 T
2040 3486 2238 3535 rinitate

67 3567 117 3605 et
158 3555 258 3606 fide
302 3556 548 3607 catholica
593 3559 743 3608 mittit
787 3559 1007 3623 (Baluze,
1055 3559 1336 3609 Miscellan.
1382 3561 1457 3610 ed.
1508 3560 1674 3609 Mansi
1705 3560 1761 3625 II,
1806 3578 1855 3627 p.
1891 3578 2235 3626 242—243;

67 3630 434 3696 Lagenissiere,
464 3649 513 3698 p.
547 3634 796 3698 91—92).
2092 3634 2238 3682 1306

192 3716 225 3770 ¹)
258 3715 330 3759 De
352 3716 614 3762 Benedicto
652 3727 820 3762 nostro
844 3716 891 3761 in
915 3718 1063 3761 Terra
1098 3718 1273 3762 Sancta
1309 3718 1571 3763 constituto
1608 3718 1665 3763 cf.
1701 3718 1929 3763 Ro‘hricht
1963 3718 2008 3763 in
2045 3720 2238 3764 Fors-ch.

76 3773 199 3831 1886,
222 3788 265 3832 p.
289 3774 359 3818 82.

217 3897 247 3922 „
327 3862 458 3911 Nov.
488 3862 699 3913 ineunte
719 3863 944 3928 (gallice).
964 3890 1036 3896 ——
1053 3863 1219 3912 Johan
1239 3863 1497 3926 d‘chlin,
1518 3864 1764 3913 dominus
1784 3864 1845 3913 dc
1864 3865 2036 3920 Burin,
2057 3866 2235 3913 domui

68 3934 519 3986 Theutonicorum
549 3950 598 3987 et
626 3938 949 3987 Hartmanno
969 3938 1282 4002 (Herteman)
1303 3940 1363 3988 dc
1386 3939 1736 4003 Heldcrongo,
1758 3955 1948 4004 magno
1969 3956 2235 3989 commcn-
