<?xml version="1.0" encoding="UTF-8"?>
<!DOCTYPE html PUBLIC "-//W3C//DTD XHTML 1.0 Transitional//EN"
    "http://www.w3.org/TR/xhtml1/DTD/xhtml1-transitional.dtd">
<html xmlns="http://www.w3.org/1999/xhtml" xml:lang="en" lang="en">
 <head>
  <title>
</title>
<meta http-equiv="Content-Type" content="text/html;charset=utf-8" />
  <meta name='ocr-system' content='tesseract 3.04.00' />
  <meta name='ocr-capabilities' content='ocr_page ocr_carea ocr_par ocr_line ocrx_word'/>
</head>
<body>
  <div class='ocr_page' id='page_1' title='image "./registaregnihier00rhuoft_0299.png"; bbox 0 0 2684 4244; ppageno 0'>
   <div class='ocr_carea' id='block_1_1' title="bbox 941 149 2324 221">
    <p class='ocr_par' dir='ltr' id='par_1_1' title="bbox 941 149 2324 221">
     <span class='ocr_line' id='line_1_1' title="bbox 941 149 2324 221; baseline 0.004 -26"><span class='ocrx_word' id='word_1_1' title='bbox 941 149 1074 209; x_wconf 82' lang='lat' dir='ltr'>regni</span> <span class='ocrx_word' id='word_1_2' title='bbox 1095 149 1530 210; x_wconf 90' lang='lat' dir='ltr'>Hierosolymitani.</span> <span class='ocrx_word' id='word_1_3' title='bbox 2228 173 2293 221; x_wconf 82' lang='lat'>29</span> <span class='ocrx_word' id='word_1_4' title='bbox 2310 175 2324 206; x_wconf 91' lang='lat'>1</span> 
     </span>
    </p>
   </div>
   <div class='ocr_carea' id='block_1_2' title="bbox 2068 229 2330 235">
    <p class='ocr_par' dir='ltr' id='par_1_2' title="bbox 2068 229 2330 235">
     <span class='ocr_line' id='line_1_2' title="bbox 2068 229 2330 235; baseline 0 0"><span class='ocrx_word' id='word_1_5' title='bbox 2068 229 2330 235; x_wconf 95' lang='lat' dir='ltr'> </span> 
     </span>
    </p>
   </div>
   <div class='ocr_carea' id='block_1_3' title="bbox 142 349 2334 3979">
    <p class='ocr_par' dir='ltr' id='par_1_3' title="bbox 142 349 2334 3979">
     <span class='ocr_line' id='line_1_3' title="bbox 156 349 2334 416; baseline -0 -17"><span class='ocrx_word' id='word_1_6' title='bbox 156 349 381 416; x_wconf 85' lang='lat' dir='ltr'>accipere</span> <span class='ocrx_word' id='word_1_7' title='bbox 411 350 576 415; x_wconf 91' lang='lat' dir='ltr'>debet,</span> <span class='ocrx_word' id='word_1_8' title='bbox 596 350 725 400; x_wconf 90' lang='lat' dir='ltr'>sicut</span> <span class='ocrx_word' id='word_1_9' title='bbox 745 349 945 399; x_wconf 91' lang='lat' dir='ltr'>dicitur.</span> <span class='ocrx_word' id='word_1_10' title='bbox 975 351 1170 399; x_wconf 83' lang='lat' dir='ltr'>Eadem</span> <span class='ocrx_word' id='word_1_11' title='bbox 1189 349 1455 399; x_wconf 85' lang='lat' dir='ltr'>ecclesiam</span> <span class='ocrx_word' id='word_1_12' title='bbox 1475 349 1664 399; x_wconf 87' lang='lat' dir='ltr'>ibidem</span> <span class='ocrx_word' id='word_1_13' title='bbox 1683 350 1831 398; x_wconf 87' lang='lat' dir='ltr'>sitam</span> <span class='ocrx_word' id='word_1_14' title='bbox 1849 350 2038 399; x_wconf 85' lang='lat' dir='ltr'>scilicet</span> <span class='ocrx_word' id='word_1_15' title='bbox 2066 350 2115 399; x_wconf 93' lang='lat' dir='ltr'><strong>S.</strong></span> <span class='ocrx_word' id='word_1_16' title='bbox 2134 349 2334 399; x_wconf 90' lang='lat' dir='ltr'>Nicolai</span> 
     </span>
     <span class='ocr_line' id='line_1_4' title="bbox 155 424 2332 490; baseline -0 -17"><span class='ocrx_word' id='word_1_17' title='bbox 155 424 397 490; x_wconf 83' lang='lat' dir='ltr'><strong>possidet,</strong></span> <span class='ocrx_word' id='word_1_18' title='bbox 428 441 559 489; x_wconf 91' lang='lat' dir='ltr'>quae</span> <span class='ocrx_word' id='word_1_19' title='bbox 588 438 662 474; x_wconf 91' lang='lat' dir='ltr'>est</span> <span class='ocrx_word' id='word_1_20' title='bbox 689 424 916 490; x_wconf 88' lang='lat' dir='ltr'>episcopi</span> <span class='ocrx_word' id='word_1_21' title='bbox 946 425 1144 488; x_wconf 84' lang='lat' dir='ltr'>Esulae,</span> <span class='ocrx_word' id='word_1_22' title='bbox 1174 437 1222 473; x_wconf 92' lang='lat' dir='ltr'>et</span> <span class='ocrx_word' id='word_1_23' title='bbox 1250 441 1425 473; x_wconf 91' lang='lat' dir='ltr'>versus</span> <span class='ocrx_word' id='word_1_24' title='bbox 1454 425 1665 473; x_wconf 89' lang='lat' dir='ltr'>boream</span> <span class='ocrx_word' id='word_1_25' title='bbox 1695 425 1759 474; x_wconf 96' lang='lat' dir='ltr'>VI</span> <span class='ocrx_word' id='word_1_26' title='bbox 1788 425 2030 474; x_wconf 90' lang='lat' dir='ltr'>stationes</span> <span class='ocrx_word' id='word_1_27' title='bbox 2060 425 2332 474; x_wconf 89' lang='lat' dir='ltr'>continuas</span> 
     </span>
     <span class='ocr_line' id='line_1_5' title="bbox 155 497 2334 564; baseline 0 -17"><span class='ocrx_word' id='word_1_28' title='bbox 155 514 274 548; x_wconf 91' lang='lat' dir='ltr'>cum</span> <span class='ocrx_word' id='word_1_29' title='bbox 315 497 526 548; x_wconf 88' lang='lat' dir='ltr'>ecclesia</span> <span class='ocrx_word' id='word_1_30' title='bbox 565 498 701 562; x_wconf 89' lang='lat' dir='ltr'>juxta</span> <span class='ocrx_word' id='word_1_31' title='bbox 744 511 964 562; x_wconf 89' lang='lat' dir='ltr'>stratam,</span> <span class='ocrx_word' id='word_1_32' title='bbox 1010 516 1069 548; x_wconf 89' lang='lat' dir='ltr'>ex</span> <span class='ocrx_word' id='word_1_33' title='bbox 1113 499 1208 547; x_wconf 85' lang='lat' dir='ltr'>alia</span> <span class='ocrx_word' id='word_1_34' title='bbox 1252 511 1390 564; x_wconf 90' lang='lat' dir='ltr'>parte</span> <span class='ocrx_word' id='word_1_35' title='bbox 1433 498 1541 546; x_wconf 88' lang='lat' dir='ltr'>viae</span> <span class='ocrx_word' id='word_1_36' title='bbox 1585 515 1761 548; x_wconf 89' lang='lat' dir='ltr'>versus</span> <span class='ocrx_word' id='word_1_37' title='bbox 1804 499 2066 548; x_wconf 90' lang='lat' dir='ltr'>ecclesiam</span> <span class='ocrx_word' id='word_1_38' title='bbox 2113 500 2334 548; x_wconf 90' lang='lat' dir='ltr'>domum</span> 
     </span>
     <span class='ocr_line' id='line_1_6' title="bbox 154 572 2334 639; baseline 0 -18"><span class='ocrx_word' id='word_1_39' title='bbox 154 573 416 637; x_wconf 87' lang='lat' dir='ltr'>quandam</span> <span class='ocrx_word' id='word_1_40' title='bbox 446 586 493 622; x_wconf 90' lang='lat' dir='ltr'>et</span> <span class='ocrx_word' id='word_1_41' title='bbox 520 573 668 622; x_wconf 88' lang='lat' dir='ltr'>aliam</span> <span class='ocrx_word' id='word_1_42' title='bbox 699 572 846 638; x_wconf 84' lang='lat' dir='ltr'>(quae</span> <span class='ocrx_word' id='word_1_43' title='bbox 876 573 1026 622; x_wconf 91' lang='lat' dir='ltr'>habet</span> <span class='ocrx_word' id='word_1_44' title='bbox 1054 573 1324 623; x_wconf 87' lang='lat' dir='ltr'>stationem</span> <span class='ocrx_word' id='word_1_45' title='bbox 1357 573 1419 621; x_wconf 92' lang='lat' dir='ltr'>de</span> <span class='ocrx_word' id='word_1_46' title='bbox 1448 574 1629 621; x_wconf 83' lang='lat' dir='ltr'>subtus</span> <span class='ocrx_word' id='word_1_47' title='bbox 1657 589 1775 622; x_wconf 91' lang='lat' dir='ltr'>cum</span> <span class='ocrx_word' id='word_1_48' title='bbox 1797 574 1935 623; x_wconf 90' lang='lat' dir='ltr'>curia</span> <span class='ocrx_word' id='word_1_49' title='bbox 1956 590 2106 639; x_wconf 87' lang='lat' dir='ltr'>parva</span> <span class='ocrx_word' id='word_1_50' title='bbox 2125 590 2334 623; x_wconf 84' lang='lat' dir='ltr'>necnon</span> 
     </span>
     <span class='ocr_line' id='line_1_7' title="bbox 153 645 2333 712; baseline 0 -17"><span class='ocrx_word' id='word_1_51' title='bbox 153 646 422 695; x_wconf 85' lang='lat' dir='ltr'>cisternam</span> <span class='ocrx_word' id='word_1_52' title='bbox 467 647 665 710; x_wconf 82' lang='lat' dir='ltr'><strong>Dulce),</strong></span> <span class='ocrx_word' id='word_1_53' title='bbox 706 663 883 696; x_wconf 90' lang='lat' dir='ltr'>versus</span> <span class='ocrx_word' id='word_1_54' title='bbox 924 660 1157 697; x_wconf 81' lang='lat' dir='ltr'>austrum</span> <span class='ocrx_word' id='word_1_55' title='bbox 1200 647 1470 696; x_wconf 90' lang='lat' dir='ltr'>stationem</span> <span class='ocrx_word' id='word_1_56' title='bbox 1511 645 1647 711; x_wconf 85' lang='lat' dir='ltr'>juxta</span> <span class='ocrx_word' id='word_1_57' title='bbox 1688 648 1978 711; x_wconf 87' lang='lat' dir='ltr'>ecclesiam,</span> <span class='ocrx_word' id='word_1_58' title='bbox 2022 648 2247 712; x_wconf 86' lang='lat' dir='ltr'>denique</span> <span class='ocrx_word' id='word_1_59' title='bbox 2295 649 2333 696; x_wconf 92' lang='grc' dir='ltr'>ΙΙ</span> 
     </span>
     <span class='ocr_line' id='line_1_8' title="bbox 152 720 2330 787; baseline 0.001 -18"><span class='ocrx_word' id='word_1_60' title='bbox 152 720 395 770; x_wconf 87' lang='lat' dir='ltr'>stationes</span> <span class='ocrx_word' id='word_1_61' title='bbox 423 738 601 787; x_wconf 87' lang='lat' dir='ltr'>parvas</span> <span class='ocrx_word' id='word_1_62' title='bbox 631 737 750 771; x_wconf 92' lang='lat' dir='ltr'>cum</span> <span class='ocrx_word' id='word_1_63' title='bbox 778 738 931 787; x_wconf 88' lang='lat' dir='ltr'>parva</span> <span class='ocrx_word' id='word_1_64' title='bbox 960 738 1159 771; x_wconf 90' lang='lat' dir='ltr'>camera</span> <span class='ocrx_word' id='word_1_65' title='bbox 1189 722 1409 787; x_wconf 83' lang='lat' dir='ltr'>desuper</span> <span class='ocrx_word' id='word_1_66' title='bbox 1438 737 1541 770; x_wconf 87' lang='lat' dir='ltr'>una</span> <span class='ocrx_word' id='word_1_67' title='bbox 1570 720 1793 785; x_wconf 91' lang='lat' dir='ltr'>illarum,</span> <span class='ocrx_word' id='word_1_68' title='bbox 1814 738 1945 787; x_wconf 90' lang='lat' dir='ltr'>quae</span> <span class='ocrx_word' id='word_1_69' title='bbox 1975 734 2097 771; x_wconf 89' lang='lat' dir='ltr'>sunt</span> <span class='ocrx_word' id='word_1_70' title='bbox 2126 738 2330 787; x_wconf 90' lang='lat' dir='ltr'>vacuae,</span> 
     </span>
     <span class='ocr_line' id='line_1_9' title="bbox 153 793 2332 861; baseline 0.001 -18"><span class='ocrx_word' id='word_1_71' title='bbox 153 806 202 843; x_wconf 93' lang='lat' dir='ltr'>et</span> <span class='ocrx_word' id='word_1_72' title='bbox 228 793 395 844; x_wconf 90' lang='lat' dir='ltr'>firmat</span> <span class='ocrx_word' id='word_1_73' title='bbox 422 812 599 846; x_wconf 90' lang='lat' dir='ltr'>versus</span> <span class='ocrx_word' id='word_1_74' title='bbox 633 795 884 846; x_wconf 90' lang='lat' dir='ltr'>orientem</span> <span class='ocrx_word' id='word_1_75' title='bbox 925 796 978 845; x_wconf 90' lang='lat' dir='ltr'>in</span> <span class='ocrx_word' id='word_1_76' title='bbox 1006 796 1101 859; x_wconf 90' lang='lat' dir='ltr'>via,</span> <span class='ocrx_word' id='word_1_77' title='bbox 1132 812 1263 861; x_wconf 88' lang='lat' dir='ltr'>quae</span> <span class='ocrx_word' id='word_1_78' title='bbox 1293 795 1528 844; x_wconf 87' lang='lat' dir='ltr'>discurrit</span> <span class='ocrx_word' id='word_1_79' title='bbox 1557 796 1620 844; x_wconf 93' lang='lat' dir='ltr'>de</span> <span class='ocrx_word' id='word_1_80' title='bbox 1649 812 1754 845; x_wconf 90' lang='lat' dir='ltr'>una</span> <span class='ocrx_word' id='word_1_81' title='bbox 1783 796 1862 845; x_wconf 88' lang='lat' dir='ltr'>via</span> <span class='ocrx_word' id='word_1_82' title='bbox 1890 796 1944 845; x_wconf 92' lang='lat' dir='ltr'>in</span> <span class='ocrx_word' id='word_1_83' title='bbox 1977 796 2127 845; x_wconf 89' lang='lat' dir='ltr'>aliam</span> <span class='ocrx_word' id='word_1_84' title='bbox 2155 813 2332 846; x_wconf 89' lang='lat' dir='ltr'>versus</span> 
     </span>
     <span class='ocr_line' id='line_1_10' title="bbox 153 869 2332 936; baseline 0.001 -19"><span class='ocrx_word' id='word_1_85' title='bbox 153 869 474 919; x_wconf 92' lang='lat' dir='ltr'>occidentem</span> <span class='ocrx_word' id='word_1_86' title='bbox 504 871 556 919; x_wconf 89' lang='lat' dir='ltr'>in</span> <span class='ocrx_word' id='word_1_87' title='bbox 586 871 746 919; x_wconf 90' lang='lat' dir='ltr'>domo</span> <span class='ocrx_word' id='word_1_88' title='bbox 774 870 985 936; x_wconf 91' lang='lat' dir='ltr'>Helyae.</span> <span class='ocrx_word' id='word_1_89' title='bbox 1040 870 1347 919; x_wconf 90' lang='lat' dir='ltr'>Fundacum</span> <span class='ocrx_word' id='word_1_90' title='bbox 1378 869 1428 918; x_wconf 91' lang='lat' dir='ltr'>in</span> <span class='ocrx_word' id='word_1_91' title='bbox 1461 869 1683 918; x_wconf 89' lang='lat' dir='ltr'>tertiario</span> <span class='ocrx_word' id='word_1_92' title='bbox 1712 871 1869 919; x_wconf 89' lang='lat' dir='ltr'>situm</span> <span class='ocrx_word' id='word_1_93' title='bbox 1897 871 1985 919; x_wconf 90' lang='lat' dir='ltr'>sed</span> <span class='ocrx_word' id='word_1_94' title='bbox 2015 871 2332 920; x_wconf 89' lang='lat' dir='ltr'>destructum</span> 
     </span>
     <span class='ocr_line' id='line_1_11' title="bbox 152 943 2333 1010; baseline 0.001 -18"><span class='ocrx_word' id='word_1_95' title='bbox 152 943 380 1010; x_wconf 89' lang='lat' dir='ltr'>episcopi</span> <span class='ocrx_word' id='word_1_96' title='bbox 420 957 493 993; x_wconf 92' lang='lat' dir='ltr'>est</span> <span class='ocrx_word' id='word_1_97' title='bbox 536 945 598 994; x_wconf 92' lang='lat' dir='ltr'>de</span> <span class='ocrx_word' id='word_1_98' title='bbox 643 944 892 1006; x_wconf 88' lang='lat' dir='ltr'>Caurole;</span> <span class='ocrx_word' id='word_1_99' title='bbox 942 944 1108 993; x_wconf 88' lang='lat' dir='ltr'>firmat</span> <span class='ocrx_word' id='word_1_100' title='bbox 1145 961 1321 993; x_wconf 91' lang='lat' dir='ltr'>versus</span> <span class='ocrx_word' id='word_1_101' title='bbox 1363 944 1616 993; x_wconf 88' lang='lat' dir='ltr'>orientem</span> <span class='ocrx_word' id='word_1_102' title='bbox 1668 957 1713 993; x_wconf 94' lang='lat' dir='ltr'>et</span> <span class='ocrx_word' id='word_1_103' title='bbox 1753 945 2158 1010; x_wconf 86' lang='lat' dir='ltr'>septentrionem</span> <span class='ocrx_word' id='word_1_104' title='bbox 2198 944 2333 1007; x_wconf 86' lang='lat' dir='ltr'>juxta</span> 
     </span>
     <span class='ocr_line' id='line_1_12' title="bbox 152 1017 2331 1083; baseline 0.001 -17"><span class='ocrx_word' id='word_1_105' title='bbox 152 1017 373 1067; x_wconf 88' lang='lat' dir='ltr'>domum</span> <span class='ocrx_word' id='word_1_106' title='bbox 391 1018 525 1067; x_wconf 89' lang='lat' dir='ltr'>Petri</span> <span class='ocrx_word' id='word_1_107' title='bbox 545 1018 916 1083; x_wconf 91' lang='lat' dir='ltr'>Scandalionis,</span> <span class='ocrx_word' id='word_1_108' title='bbox 938 1035 1112 1068; x_wconf 93' lang='lat' dir='ltr'>versus</span> <span class='ocrx_word' id='word_1_109' title='bbox 1141 1018 1464 1068; x_wconf 91' lang='lat' dir='ltr'>occidentem</span> <span class='ocrx_word' id='word_1_110' title='bbox 1493 1017 1631 1081; x_wconf 89' lang='lat' dir='ltr'>juxta</span> <span class='ocrx_word' id='word_1_111' title='bbox 1659 1019 1879 1068; x_wconf 91' lang='lat' dir='ltr'>domum</span> <span class='ocrx_word' id='word_1_112' title='bbox 1908 1019 1997 1067; x_wconf 88' lang='lat' dir='ltr'>filii</span> <span class='ocrx_word' id='word_1_113' title='bbox 2026 1019 2159 1068; x_wconf 87' lang='lat' dir='ltr'>Petri</span> <span class='ocrx_word' id='word_1_114' title='bbox 2190 1019 2331 1069; x_wconf 83' lang='lat' dir='ltr'>Ruffi</span> 
     </span>
     <span class='ocr_line' id='line_1_13' title="bbox 151 1092 2331 1159; baseline 0.001 -19"><span class='ocrx_word' id='word_1_115' title='bbox 151 1104 199 1140; x_wconf 90' lang='lat' dir='ltr'>et</span> <span class='ocrx_word' id='word_1_116' title='bbox 226 1092 412 1142; x_wconf 89' lang='lat' dir='ltr'>domos</span> <span class='ocrx_word' id='word_1_117' title='bbox 441 1093 774 1157; x_wconf 90' lang='lat' dir='ltr'>Judaeorum,</span> <span class='ocrx_word' id='word_1_118' title='bbox 815 1110 991 1142; x_wconf 91' lang='lat' dir='ltr'>versus</span> <span class='ocrx_word' id='word_1_119' title='bbox 1030 1106 1262 1142; x_wconf 81' lang='lat' dir='ltr'>austrum</span> <span class='ocrx_word' id='word_1_120' title='bbox 1291 1093 1344 1141; x_wconf 91' lang='lat' dir='ltr'>in</span> <span class='ocrx_word' id='word_1_121' title='bbox 1374 1092 1452 1141; x_wconf 90' lang='lat' dir='ltr'>via</span> <span class='ocrx_word' id='word_1_122' title='bbox 1480 1092 1700 1158; x_wconf 88' lang='lat' dir='ltr'>publica,</span> <span class='ocrx_word' id='word_1_123' title='bbox 1732 1109 1864 1158; x_wconf 88' lang='lat' dir='ltr'>quae</span> <span class='ocrx_word' id='word_1_124' title='bbox 1894 1093 2049 1142; x_wconf 92' lang='lat' dir='ltr'>currit</span> <span class='ocrx_word' id='word_1_125' title='bbox 2077 1094 2180 1142; x_wconf 90' lang='lat' dir='ltr'>sive</span> <span class='ocrx_word' id='word_1_126' title='bbox 2210 1111 2331 1159; x_wconf 91' lang='lat' dir='ltr'>pro—</span> 
     </span>
     <span class='ocr_line' id='line_1_14' title="bbox 150 1167 2332 1217; baseline 0 -2"><span class='ocrx_word' id='word_1_127' title='bbox 150 1167 378 1216; x_wconf 92' lang='lat' dir='ltr'>tenditur</span> <span class='ocrx_word' id='word_1_128' title='bbox 395 1180 510 1216; x_wconf 90' lang='lat' dir='ltr'>ante</span> <span class='ocrx_word' id='word_1_129' title='bbox 531 1168 579 1216; x_wconf 90' lang='lat' dir='ltr'>S.</span> <span class='ocrx_word' id='word_1_130' title='bbox 597 1169 845 1217; x_wconf 87' lang='lat' dir='ltr'>Jacobum</span> <span class='ocrx_word' id='word_1_131' title='bbox 866 1180 913 1216; x_wconf 94' lang='lat' dir='ltr'>et</span> <span class='ocrx_word' id='word_1_132' title='bbox 932 1167 981 1217; x_wconf 88' lang='lat' dir='ltr'>S.</span> <span class='ocrx_word' id='word_1_133' title='bbox 1004 1167 1296 1216; x_wconf 81' lang='lat' dir='ltr'>Nicolaum.</span> <span class='ocrx_word' id='word_1_134' title='bbox 1328 1167 1587 1217; x_wconf 88' lang='lat' dir='ltr'>Commu</span> <span class='ocrx_word' id='word_1_135' title='bbox 1603 1167 1662 1215; x_wconf 93' lang='lat' dir='ltr'>ni</span> <span class='ocrx_word' id='word_1_136' title='bbox 1682 1168 2001 1217; x_wconf 91' lang='lat' dir='ltr'>Venetoru</span> <span class='ocrx_word' id='word_1_137' title='bbox 2017 1184 2067 1215; x_wconf 92' lang='lat' dir='ltr'>m</span> <span class='ocrx_word' id='word_1_138' title='bbox 2098 1168 2192 1216; x_wconf 92' lang='lat' dir='ltr'>hae</span> <span class='ocrx_word' id='word_1_139' title='bbox 2213 1184 2332 1217; x_wconf 91' lang='lat' dir='ltr'>vero</span> 
     </span>
     <span class='ocr_line' id='line_1_15' title="bbox 150 1241 2330 1308; baseline 0 -19"><span class='ocrx_word' id='word_1_140' title='bbox 150 1254 271 1290; x_wconf 89' lang='lat' dir='ltr'>sunt</span> <span class='ocrx_word' id='word_1_141' title='bbox 299 1241 651 1307; x_wconf 90' lang='lat' dir='ltr'>possessiones</span> <span class='ocrx_word' id='word_1_142' title='bbox 679 1242 732 1290; x_wconf 92' lang='lat' dir='ltr'>in</span> <span class='ocrx_word' id='word_1_143' title='bbox 761 1242 955 1291; x_wconf 91' lang='lat' dir='ltr'>civitate</span> <span class='ocrx_word' id='word_1_144' title='bbox 985 1254 1032 1290; x_wconf 93' lang='lat' dir='ltr'>et</span> <span class='ocrx_word' id='word_1_145' title='bbox 1060 1242 1291 1290; x_wconf 92' lang='lat' dir='ltr'>terciario</span> <span class='ocrx_word' id='word_1_146' title='bbox 1316 1242 1471 1308; x_wconf 90' lang='lat' dir='ltr'>Tyri:</span> <span class='ocrx_word' id='word_1_147' title='bbox 1515 1242 1704 1291; x_wconf 90' lang='lat' dir='ltr'>domus</span> <span class='ocrx_word' id='word_1_148' title='bbox 1733 1241 1939 1307; x_wconf 84' lang='lat' dir='ltr'>proprie</span> <span class='ocrx_word' id='word_1_149' title='bbox 1969 1243 2208 1307; x_wconf 91' lang='lat' dir='ltr'>deputata</span> <span class='ocrx_word' id='word_1_150' title='bbox 2237 1259 2330 1308; x_wconf 91' lang='lat' dir='ltr'>pro</span> 
     </span>
     <span class='ocr_line' id='line_1_16' title="bbox 151 1314 2332 1381; baseline 0.001 -17"><span class='ocrx_word' id='word_1_151' title='bbox 151 1316 421 1365; x_wconf 88' lang='lat' dir='ltr'>communi</span> <span class='ocrx_word' id='word_1_152' title='bbox 450 1333 569 1365; x_wconf 91' lang='lat' dir='ltr'>cum</span> <span class='ocrx_word' id='word_1_153' title='bbox 599 1316 639 1365; x_wconf 95' lang='lat' dir='ltr'>II</span> <span class='ocrx_word' id='word_1_154' title='bbox 668 1316 836 1379; x_wconf 91' lang='lat' dir='ltr'>curiis,</span> <span class='ocrx_word' id='word_1_155' title='bbox 869 1316 957 1365; x_wconf 92' lang='lat' dir='ltr'>ubi</span> <span class='ocrx_word' id='word_1_156' title='bbox 985 1316 1176 1364; x_wconf 87' lang='lat' dir='ltr'>habitat</span> <span class='ocrx_word' id='word_1_157' title='bbox 1204 1314 1406 1380; x_wconf 88' lang='lat' dir='ltr'>bajulus</span> <span class='ocrx_word' id='word_1_158' title='bbox 1426 1315 1575 1381; x_wconf 88' lang='lat' dir='ltr'>(quae</span> <span class='ocrx_word' id='word_1_159' title='bbox 1595 1315 1761 1364; x_wconf 86' lang='lat' dir='ltr'>firmat</span> <span class='ocrx_word' id='word_1_160' title='bbox 1790 1333 1965 1365; x_wconf 89' lang='lat' dir='ltr'>versus</span> <span class='ocrx_word' id='word_1_161' title='bbox 1996 1315 2249 1366; x_wconf 90' lang='lat' dir='ltr'>orientem</span> <span class='ocrx_word' id='word_1_162' title='bbox 2280 1317 2332 1366; x_wconf 91' lang='lat' dir='ltr'>in</span> 
     </span>
     <span class='ocr_line' id='line_1_17' title="bbox 151 1389 2332 1455; baseline 0.001 -17"><span class='ocrx_word' id='word_1_163' title='bbox 151 1389 283 1454; x_wconf 90' lang='lat' dir='ltr'>petia</span> <span class='ocrx_word' id='word_1_164' title='bbox 311 1402 471 1439; x_wconf 88' lang='lat' dir='ltr'>terrae</span> <span class='ocrx_word' id='word_1_165' title='bbox 499 1407 706 1454; x_wconf 90' lang='lat' dir='ltr'>vacuae,</span> <span class='ocrx_word' id='word_1_166' title='bbox 737 1407 867 1455; x_wconf 90' lang='lat' dir='ltr'>quae</span> <span class='ocrx_word' id='word_1_167' title='bbox 898 1402 971 1439; x_wconf 89' lang='lat' dir='ltr'>est</span> <span class='ocrx_word' id='word_1_168' title='bbox 1010 1390 1099 1439; x_wconf 92' lang='lat' dir='ltr'>filii</span> <span class='ocrx_word' id='word_1_169' title='bbox 1140 1390 1400 1439; x_wconf 89' lang='lat' dir='ltr'>Simeonis</span> <span class='ocrx_word' id='word_1_170' title='bbox 1439 1390 1572 1439; x_wconf 81' lang='lat' dir='ltr'>Boni</span> <span class='ocrx_word' id='word_1_171' title='bbox 1613 1391 1675 1439; x_wconf 92' lang='lat' dir='ltr'>de</span> <span class='ocrx_word' id='word_1_172' title='bbox 1718 1390 1947 1439; x_wconf 87' lang='lat' dir='ltr'>confinio</span> <span class='ocrx_word' id='word_1_173' title='bbox 1990 1391 2039 1440; x_wconf 90' lang='lat' dir='ltr'>S.</span> <span class='ocrx_word' id='word_1_174' title='bbox 2069 1392 2332 1440; x_wconf 83' lang='lat' dir='ltr'>Barnabae</span> 
     </span>
     <span class='ocr_line' id='line_1_18' title="bbox 150 1463 2331 1531; baseline 0.001 -20"><span class='ocrx_word' id='word_1_175' title='bbox 150 1463 488 1528; x_wconf 88' lang='lat' dir='ltr'>Venetorum,</span> <span class='ocrx_word' id='word_1_176' title='bbox 530 1481 707 1515; x_wconf 92' lang='lat' dir='ltr'>versus</span> <span class='ocrx_word' id='word_1_177' title='bbox 738 1465 1059 1514; x_wconf 91' lang='lat' dir='ltr'>occidentem</span> <span class='ocrx_word' id='word_1_178' title='bbox 1088 1465 1141 1514; x_wconf 89' lang='lat' dir='ltr'>in</span> <span class='ocrx_word' id='word_1_179' title='bbox 1170 1464 1248 1514; x_wconf 91' lang='lat' dir='ltr'>via</span> <span class='ocrx_word' id='word_1_180' title='bbox 1276 1464 1498 1531; x_wconf 90' lang='lat' dir='ltr'>publica,</span> <span class='ocrx_word' id='word_1_181' title='bbox 1529 1481 1662 1529; x_wconf 91' lang='lat' dir='ltr'>quae</span> <span class='ocrx_word' id='word_1_182' title='bbox 1691 1465 1929 1514; x_wconf 86' lang='lat' dir='ltr'>discurrit</span> <span class='ocrx_word' id='word_1_183' title='bbox 1957 1464 2094 1528; x_wconf 86' lang='lat' dir='ltr'>juxta</span> <span class='ocrx_word' id='word_1_184' title='bbox 2123 1466 2331 1514; x_wconf 90' lang='lat' dir='ltr'>trivium</span> 
     </span>
     <span class='ocr_line' id='line_1_19' title="bbox 150 1537 2331 1605; baseline 0 -18"><span class='ocrx_word' id='word_1_185' title='bbox 150 1537 200 1587; x_wconf 88' lang='lat' dir='ltr'><strong>S.</strong></span> <span class='ocrx_word' id='word_1_186' title='bbox 224 1539 398 1603; x_wconf 89' lang='lat' dir='ltr'>Marci,</span> <span class='ocrx_word' id='word_1_187' title='bbox 428 1555 604 1589; x_wconf 92' lang='lat' dir='ltr'>versus</span> <span class='ocrx_word' id='word_1_188' title='bbox 632 1552 863 1589; x_wconf 90' lang='lat' dir='ltr'>austrum</span> <span class='ocrx_word' id='word_1_189' title='bbox 893 1539 946 1588; x_wconf 91' lang='lat' dir='ltr'>in</span> <span class='ocrx_word' id='word_1_190' title='bbox 974 1539 1106 1605; x_wconf 90' lang='lat' dir='ltr'>petia</span> <span class='ocrx_word' id='word_1_191' title='bbox 1134 1552 1292 1588; x_wconf 91' lang='lat' dir='ltr'>terrae</span> <span class='ocrx_word' id='word_1_192' title='bbox 1321 1556 1510 1588; x_wconf 83' lang='lat' dir='ltr'>vacuae</span> <span class='ocrx_word' id='word_1_193' title='bbox 1528 1539 1766 1588; x_wconf 89' lang='lat' dir='ltr'>Thomae</span> <span class='ocrx_word' id='word_1_194' title='bbox 1796 1540 1960 1588; x_wconf 87' lang='lat' dir='ltr'>Dulce</span> <span class='ocrx_word' id='word_1_195' title='bbox 1989 1552 2036 1588; x_wconf 86' lang='lat' dir='ltr'>et</span> <span class='ocrx_word' id='word_1_196' title='bbox 2064 1540 2248 1605; x_wconf 88' lang='lat' dir='ltr'>partim</span> <span class='ocrx_word' id='word_1_197' title='bbox 2278 1541 2331 1589; x_wconf 92' lang='lat' dir='ltr'>in</span> 
     </span>
     <span class='ocr_line' id='line_1_20' title="bbox 150 1612 2330 1680; baseline 0.001 -19"><span class='ocrx_word' id='word_1_198' title='bbox 150 1612 311 1662; x_wconf 90' lang='lat' dir='ltr'>domo</span> <span class='ocrx_word' id='word_1_199' title='bbox 350 1614 600 1663; x_wconf 89' lang='lat' dir='ltr'>Johannis</span> <span class='ocrx_word' id='word_1_200' title='bbox 640 1613 811 1663; x_wconf 85' lang='lat' dir='ltr'>Pisani</span> <span class='ocrx_word' id='word_1_201' title='bbox 851 1613 1037 1677; x_wconf 86' lang='lat' dir='ltr'>militis,</span> <span class='ocrx_word' id='word_1_202' title='bbox 1077 1630 1253 1663; x_wconf 91' lang='lat' dir='ltr'>versus</span> <span class='ocrx_word' id='word_1_203' title='bbox 1294 1614 1698 1680; x_wconf 86' lang='lat' dir='ltr'>septentrionem</span> <span class='ocrx_word' id='word_1_204' title='bbox 1739 1614 1793 1663; x_wconf 92' lang='lat' dir='ltr'>in</span> <span class='ocrx_word' id='word_1_205' title='bbox 1832 1613 1910 1662; x_wconf 87' lang='lat' dir='ltr'>via</span> <span class='ocrx_word' id='word_1_206' title='bbox 1947 1615 2167 1680; x_wconf 87' lang='lat' dir='ltr'>publica,</span> <span class='ocrx_word' id='word_1_207' title='bbox 2199 1631 2330 1679; x_wconf 87' lang='lat' dir='ltr'>quae</span> 
     </span>
     <span class='ocr_line' id='line_1_21' title="bbox 149 1686 2332 1755; baseline 0.002 -20"><span class='ocrx_word' id='word_1_208' title='bbox 149 1686 386 1737; x_wconf 92' lang='lat' dir='ltr'>discurrit</span> <span class='ocrx_word' id='word_1_209' title='bbox 412 1701 528 1738; x_wconf 89' lang='lat' dir='ltr'>ante</span> <span class='ocrx_word' id='word_1_210' title='bbox 557 1688 824 1738; x_wconf 87' lang='lat' dir='ltr'>ecclesiam</span> <span class='ocrx_word' id='word_1_211' title='bbox 852 1688 902 1738; x_wconf 93' lang='lat' dir='ltr'><strong>S.</strong></span> <span class='ocrx_word' id='word_1_212' title='bbox 925 1688 1116 1753; x_wconf 92' lang='lat' dir='ltr'>Marci),</span> <span class='ocrx_word' id='word_1_213' title='bbox 1149 1689 1280 1755; x_wconf 91' lang='lat' dir='ltr'>petia</span> <span class='ocrx_word' id='word_1_214' title='bbox 1307 1702 1466 1738; x_wconf 88' lang='lat' dir='ltr'>terrae</span> <span class='ocrx_word' id='word_1_215' title='bbox 1493 1687 1658 1753; x_wconf 76' lang='lat' dir='ltr'>&lt;cujus</span> <span class='ocrx_word' id='word_1_216' title='bbox 1677 1689 1868 1738; x_wconf 89' lang='lat' dir='ltr'>domus</span> <span class='ocrx_word' id='word_1_217' title='bbox 1887 1705 2029 1738; x_wconf 91' lang='lat' dir='ltr'>nunc</span> <span class='ocrx_word' id='word_1_218' title='bbox 2048 1689 2332 1739; x_wconf 90' lang='lat' dir='ltr'>destructae</span> 
     </span>
     <span class='ocr_line' id='line_1_22' title="bbox 148 1762 2332 1829; baseline 0.001 -19"><span class='ocrx_word' id='word_1_219' title='bbox 148 1773 308 1811; x_wconf 90' lang='lat' dir='ltr'>terrae</span> <span class='ocrx_word' id='word_1_220' title='bbox 337 1775 485 1812; x_wconf 92' lang='lat' dir='ltr'>motu</span> <span class='ocrx_word' id='word_1_221' title='bbox 515 1762 720 1812; x_wconf 89' lang='lat' dir='ltr'>firmant</span> <span class='ocrx_word' id='word_1_222' title='bbox 737 1779 914 1812; x_wconf 88' lang='lat' dir='ltr'>versus</span> <span class='ocrx_word' id='word_1_223' title='bbox 943 1763 1349 1829; x_wconf 87' lang='lat' dir='ltr'>septentrionem</span> <span class='ocrx_word' id='word_1_224' title='bbox 1379 1763 1432 1812; x_wconf 93' lang='lat' dir='ltr'>in</span> <span class='ocrx_word' id='word_1_225' title='bbox 1461 1780 1615 1813; x_wconf 92' lang='lat' dir='ltr'>muro</span> <span class='ocrx_word' id='word_1_226' title='bbox 1645 1763 1873 1828; x_wconf 88' lang='lat' dir='ltr'>civitatis,</span> <span class='ocrx_word' id='word_1_227' title='bbox 1893 1780 2069 1813; x_wconf 89' lang='lat' dir='ltr'>versus</span> <span class='ocrx_word' id='word_1_228' title='bbox 2099 1777 2332 1813; x_wconf 90' lang='lat' dir='ltr'>austrum</span> 
     </span>
     <span class='ocr_line' id='line_1_23' title="bbox 149 1835 2331 1903; baseline 0.002 -19"><span class='ocrx_word' id='word_1_229' title='bbox 149 1835 203 1884; x_wconf 92' lang='lat' dir='ltr'>in</span> <span class='ocrx_word' id='word_1_230' title='bbox 230 1836 309 1885; x_wconf 89' lang='lat' dir='ltr'>via</span> <span class='ocrx_word' id='word_1_231' title='bbox 337 1837 559 1903; x_wconf 90' lang='lat' dir='ltr'>publica,</span> <span class='ocrx_word' id='word_1_232' title='bbox 581 1854 714 1903; x_wconf 91' lang='lat' dir='ltr'>quae</span> <span class='ocrx_word' id='word_1_233' title='bbox 743 1837 981 1887; x_wconf 91' lang='lat' dir='ltr'>discurrit</span> <span class='ocrx_word' id='word_1_234' title='bbox 1009 1850 1124 1886; x_wconf 91' lang='lat' dir='ltr'>ante</span> <span class='ocrx_word' id='word_1_235' title='bbox 1154 1837 1419 1887; x_wconf 88' lang='lat' dir='ltr'>ecclesiam</span> <span class='ocrx_word' id='word_1_236' title='bbox 1449 1837 1499 1887; x_wconf 88' lang='lat' dir='ltr'>S.</span> <span class='ocrx_word' id='word_1_237' title='bbox 1522 1837 1698 1902; x_wconf 91' lang='lat' dir='ltr'>Marci,</span> <span class='ocrx_word' id='word_1_238' title='bbox 1717 1855 1895 1887; x_wconf 90' lang='lat' dir='ltr'>versus</span> <span class='ocrx_word' id='word_1_239' title='bbox 1925 1838 2248 1887; x_wconf 92' lang='lat' dir='ltr'>occidentem</span> <span class='ocrx_word' id='word_1_240' title='bbox 2278 1839 2331 1888; x_wconf 94' lang='lat' dir='ltr'>in</span> 
     </span>
     <span class='ocr_line' id='line_1_24' title="bbox 150 1910 2332 1977; baseline 0.002 -19"><span class='ocrx_word' id='word_1_241' title='bbox 150 1910 305 1959; x_wconf 90' lang='lat' dir='ltr'>furno</span> <span class='ocrx_word' id='word_1_242' title='bbox 333 1923 382 1960; x_wconf 92' lang='lat' dir='ltr'>et</span> <span class='ocrx_word' id='word_1_243' title='bbox 410 1911 632 1961; x_wconf 89' lang='lat' dir='ltr'>fondaco</span> <span class='ocrx_word' id='word_1_244' title='bbox 674 1912 723 1961; x_wconf 91' lang='lat' dir='ltr'>S.</span> <span class='ocrx_word' id='word_1_245' title='bbox 755 1912 929 1977; x_wconf 90' lang='lat' dir='ltr'>Marci,</span> <span class='ocrx_word' id='word_1_246' title='bbox 958 1929 1134 1961; x_wconf 87' lang='lat' dir='ltr'>versus</span> <span class='ocrx_word' id='word_1_247' title='bbox 1175 1912 1428 1961; x_wconf 89' lang='lat' dir='ltr'>orientem</span> <span class='ocrx_word' id='word_1_248' title='bbox 1468 1912 1522 1961; x_wconf 91' lang='lat' dir='ltr'>in</span> <span class='ocrx_word' id='word_1_249' title='bbox 1559 1913 1720 1962; x_wconf 92' lang='lat' dir='ltr'>domo</span> <span class='ocrx_word' id='word_1_250' title='bbox 1748 1913 2018 1962; x_wconf 88' lang='lat' dir='ltr'>Thomasii</span> <span class='ocrx_word' id='word_1_251' title='bbox 2048 1913 2255 1962; x_wconf 89' lang='lat' dir='ltr'>Pititoni</span> <span class='ocrx_word' id='word_1_252' title='bbox 2285 1927 2332 1963; x_wconf 91' lang='lat' dir='ltr'>et</span> 
     </span>
     <span class='ocr_line' id='line_1_25' title="bbox 145 1984 2329 2052; baseline 0.001 -19"><span class='ocrx_word' id='word_1_253' title='bbox 145 1984 339 2034; x_wconf 90' lang='lat' dir='ltr'>Leonis</span> <span class='ocrx_word' id='word_1_254' title='bbox 368 1986 669 2052; x_wconf 79' lang='lat' dir='ltr'>Michaelis),</span> <span class='ocrx_word' id='word_1_255' title='bbox 702 1985 947 2036; x_wconf 89' lang='lat' dir='ltr'>balneum</span> <span class='ocrx_word' id='word_1_256' title='bbox 977 1986 1216 2036; x_wconf 90' lang='lat' dir='ltr'>ecclesiae</span> <span class='ocrx_word' id='word_1_257' title='bbox 1248 1987 1296 2036; x_wconf 93' lang='lat' dir='ltr'>S.</span> <span class='ocrx_word' id='word_1_258' title='bbox 1319 1986 1479 2036; x_wconf 90' lang='lat' dir='ltr'>Marci</span> <span class='ocrx_word' id='word_1_259' title='bbox 1507 1987 1738 2037; x_wconf 92' lang='lat' dir='ltr'>vicinum</span> <span class='ocrx_word' id='word_1_260' title='bbox 1768 1987 1928 2052; x_wconf 86' lang='lat' dir='ltr'>(quod</span> <span class='ocrx_word' id='word_1_261' title='bbox 1957 1987 2124 2036; x_wconf 85' lang='lat' dir='ltr'>firmat</span> <span class='ocrx_word' id='word_1_262' title='bbox 2152 2005 2329 2038; x_wconf 89' lang='lat' dir='ltr'>versus</span> 
     </span>
     <span class='ocr_line' id='line_1_26' title="bbox 146 2059 2328 2128; baseline 0.001 -20"><span class='ocrx_word' id='word_1_263' title='bbox 146 2059 467 2109; x_wconf 84' lang='lat' dir='ltr'>occidentem</span> <span class='ocrx_word' id='word_1_264' title='bbox 521 2060 575 2110; x_wconf 93' lang='lat' dir='ltr'>in</span> <span class='ocrx_word' id='word_1_265' title='bbox 619 2062 779 2110; x_wconf 91' lang='lat' dir='ltr'>domo</span> <span class='ocrx_word' id='word_1_266' title='bbox 825 2060 1112 2127; x_wconf 79' lang='lat' dir='ltr'>Sepulchri,</span> <span class='ocrx_word' id='word_1_267' title='bbox 1167 2078 1344 2111; x_wconf 88' lang='lat' dir='ltr'>versus</span> <span class='ocrx_word' id='word_1_268' title='bbox 1388 2075 1618 2111; x_wconf 90' lang='lat' dir='ltr'>austrum</span> <span class='ocrx_word' id='word_1_269' title='bbox 1663 2061 1718 2111; x_wconf 91' lang='lat' dir='ltr'>in</span> <span class='ocrx_word' id='word_1_270' title='bbox 1761 2063 1839 2111; x_wconf 86' lang='lat' dir='ltr'>via</span> <span class='ocrx_word' id='word_1_271' title='bbox 1882 2061 2105 2128; x_wconf 90' lang='lat' dir='ltr'>publica,</span> <span class='ocrx_word' id='word_1_272' title='bbox 2150 2079 2328 2111; x_wconf 90' lang='lat' dir='ltr'>versus</span> 
     </span>
     <span class='ocr_line' id='line_1_27' title="bbox 146 2134 2327 2203; baseline 0.001 -20"><span class='ocrx_word' id='word_1_273' title='bbox 146 2134 397 2184; x_wconf 89' lang='lat' dir='ltr'>orientem</span> <span class='ocrx_word' id='word_1_274' title='bbox 425 2135 480 2184; x_wconf 91' lang='lat' dir='ltr'>in</span> <span class='ocrx_word' id='word_1_275' title='bbox 498 2135 742 2185; x_wconf 87' lang='lat' dir='ltr'>domibus</span> <span class='ocrx_word' id='word_1_276' title='bbox 761 2135 1033 2185; x_wconf 87' lang='lat' dir='ltr'>Thomasii</span> <span class='ocrx_word' id='word_1_277' title='bbox 1052 2136 1215 2185; x_wconf 89' lang='lat' dir='ltr'>Dulce</span> <span class='ocrx_word' id='word_1_278' title='bbox 1244 2149 1291 2185; x_wconf 90' lang='lat' dir='ltr'>et</span> <span class='ocrx_word' id='word_1_279' title='bbox 1319 2135 1373 2185; x_wconf 92' lang='lat' dir='ltr'>in</span> <span class='ocrx_word' id='word_1_280' title='bbox 1393 2136 1468 2185; x_wconf 88' lang='lat' dir='ltr'>via</span> <span class='ocrx_word' id='word_1_281' title='bbox 1487 2136 1709 2202; x_wconf 89' lang='lat' dir='ltr'>publica,</span> <span class='ocrx_word' id='word_1_282' title='bbox 1730 2153 1906 2185; x_wconf 85' lang='lat' dir='ltr'>versus</span> <span class='ocrx_word' id='word_1_283' title='bbox 1924 2137 2327 2203; x_wconf 87' lang='lat' dir='ltr'>septentrionem</span> 
     </span>
     <span class='ocr_line' id='line_1_28' title="bbox 145 2208 2327 2277; baseline 0.002 -20"><span class='ocrx_word' id='word_1_284' title='bbox 145 2208 199 2257; x_wconf 94' lang='lat' dir='ltr'>in</span> <span class='ocrx_word' id='word_1_285' title='bbox 228 2209 361 2275; x_wconf 93' lang='lat' dir='ltr'>petia</span> <span class='ocrx_word' id='word_1_286' title='bbox 387 2222 547 2259; x_wconf 89' lang='lat' dir='ltr'>terrae</span> <span class='ocrx_word' id='word_1_287' title='bbox 588 2210 638 2259; x_wconf 93' lang='lat' dir='ltr'>S.</span> <span class='ocrx_word' id='word_1_288' title='bbox 670 2210 865 2274; x_wconf 91' lang='lat' dir='ltr'>Marci),</span> <span class='ocrx_word' id='word_1_289' title='bbox 895 2210 989 2259; x_wconf 91' lang='lat' dir='ltr'>alia</span> <span class='ocrx_word' id='word_1_290' title='bbox 1018 2211 1057 2259; x_wconf 89' lang='lat'>11</span> <span class='ocrx_word' id='word_1_291' title='bbox 1086 2210 1266 2259; x_wconf 87' lang='lat' dir='ltr'>balnea</span> <span class='ocrx_word' id='word_1_292' title='bbox 1294 2211 1599 2277; x_wconf 89' lang='lat' dir='ltr'>pertinentia</span> <span class='ocrx_word' id='word_1_293' title='bbox 1628 2210 1901 2261; x_wconf 90' lang='lat' dir='ltr'>communi</span> <span class='ocrx_word' id='word_1_294' title='bbox 1930 2211 2251 2261; x_wconf 90' lang='lat' dir='ltr'>Venetorum</span> <span class='ocrx_word' id='word_1_295' title='bbox 2280 2225 2327 2261; x_wconf 92' lang='lat' dir='ltr'>et</span> 
     </span>
     <span class='ocr_line' id='line_1_29' title="bbox 144 2282 2325 2351; baseline 0.001 -20"><span class='ocrx_word' id='word_1_296' title='bbox 144 2282 358 2333; x_wconf 89' lang='lat' dir='ltr'>insimul</span> <span class='ocrx_word' id='word_1_297' title='bbox 385 2296 502 2350; x_wconf 93' lang='lat' dir='ltr'>post</span> <span class='ocrx_word' id='word_1_298' title='bbox 539 2284 749 2334; x_wconf 89' lang='lat' dir='ltr'>trivium</span> <span class='ocrx_word' id='word_1_299' title='bbox 790 2284 840 2334; x_wconf 87' lang='lat' dir='ltr'><strong>S.</strong></span> <span class='ocrx_word' id='word_1_300' title='bbox 872 2285 1054 2335; x_wconf 90' lang='lat' dir='ltr'>Crucis</span> <span class='ocrx_word' id='word_1_301' title='bbox 1089 2285 1555 2351; x_wconf 89' lang='lat' dir='ltr'>archiepiscopatus</span> <span class='ocrx_word' id='word_1_302' title='bbox 1583 2285 1711 2351; x_wconf 92' lang='lat' dir='ltr'>Tyri</span> <span class='ocrx_word' id='word_1_303' title='bbox 1740 2285 1888 2351; x_wconf 87' lang='lat' dir='ltr'>(quae</span> <span class='ocrx_word' id='word_1_304' title='bbox 1917 2285 2122 2334; x_wconf 87' lang='lat' dir='ltr'>firmant</span> <span class='ocrx_word' id='word_1_305' title='bbox 2150 2303 2325 2336; x_wconf 89' lang='lat' dir='ltr'>versus</span> 
     </span>
     <span class='ocr_line' id='line_1_30' title="bbox 145 2356 2324 2425; baseline 0.001 -18"><span class='ocrx_word' id='word_1_306' title='bbox 145 2356 397 2407; x_wconf 89' lang='lat' dir='ltr'>orientem</span> <span class='ocrx_word' id='word_1_307' title='bbox 425 2359 479 2408; x_wconf 93' lang='lat' dir='ltr'>in</span> <span class='ocrx_word' id='word_1_308' title='bbox 507 2358 586 2408; x_wconf 88' lang='lat' dir='ltr'>via</span> <span class='ocrx_word' id='word_1_309' title='bbox 614 2359 835 2425; x_wconf 87' lang='lat' dir='ltr'>publica,</span> <span class='ocrx_word' id='word_1_310' title='bbox 877 2376 1053 2409; x_wconf 88' lang='lat' dir='ltr'>versus</span> <span class='ocrx_word' id='word_1_311' title='bbox 1082 2372 1317 2409; x_wconf 89' lang='lat' dir='ltr'>austrum</span> <span class='ocrx_word' id='word_1_312' title='bbox 1344 2360 1398 2409; x_wconf 91' lang='lat' dir='ltr'>in</span> <span class='ocrx_word' id='word_1_313' title='bbox 1426 2359 1505 2409; x_wconf 90' lang='lat' dir='ltr'>via</span> <span class='ocrx_word' id='word_1_314' title='bbox 1534 2360 1756 2425; x_wconf 90' lang='lat' dir='ltr'>publica,</span> <span class='ocrx_word' id='word_1_315' title='bbox 1796 2376 1974 2409; x_wconf 88' lang='lat' dir='ltr'>versus</span> <span class='ocrx_word' id='word_1_316' title='bbox 2003 2361 2324 2410; x_wconf 92' lang='lat' dir='ltr'>occidentem</span> 
     </span>
     <span class='ocr_line' id='line_1_31' title="bbox 144 2431 2324 2500; baseline 0.002 -20"><span class='ocrx_word' id='word_1_317' title='bbox 144 2431 198 2481; x_wconf 94' lang='lat' dir='ltr'>in</span> <span class='ocrx_word' id='word_1_318' title='bbox 217 2432 295 2481; x_wconf 88' lang='lat' dir='ltr'>via</span> <span class='ocrx_word' id='word_1_319' title='bbox 315 2433 536 2499; x_wconf 90' lang='lat' dir='ltr'>publica,</span> <span class='ocrx_word' id='word_1_320' title='bbox 557 2449 689 2499; x_wconf 92' lang='lat' dir='ltr'>quae</span> <span class='ocrx_word' id='word_1_321' title='bbox 721 2434 957 2483; x_wconf 89' lang='lat' dir='ltr'>discurrit</span> <span class='ocrx_word' id='word_1_322' title='bbox 984 2447 1099 2483; x_wconf 90' lang='lat' dir='ltr'>ante</span> <span class='ocrx_word' id='word_1_323' title='bbox 1128 2434 1337 2483; x_wconf 88' lang='lat' dir='ltr'>trivium</span> <span class='ocrx_word' id='word_1_324' title='bbox 1368 2434 1417 2483; x_wconf 93' lang='lat' dir='ltr'>S.</span> <span class='ocrx_word' id='word_1_325' title='bbox 1439 2434 1637 2499; x_wconf 87' lang='lat' dir='ltr'>Crucis,</span> <span class='ocrx_word' id='word_1_326' title='bbox 1669 2448 1716 2484; x_wconf 95' lang='lat' dir='ltr'>et</span> <span class='ocrx_word' id='word_1_327' title='bbox 1743 2451 1858 2500; x_wconf 91' lang='lat' dir='ltr'>pars</span> <span class='ocrx_word' id='word_1_328' title='bbox 1886 2434 2053 2483; x_wconf 87' lang='lat' dir='ltr'>firmat</span> <span class='ocrx_word' id='word_1_329' title='bbox 2082 2435 2134 2483; x_wconf 89' lang='lat' dir='ltr'>in</span> <span class='ocrx_word' id='word_1_330' title='bbox 2164 2436 2324 2484; x_wconf 91' lang='lat' dir='ltr'>domo</span> 
     </span>
     <span class='ocr_line' id='line_1_32' title="bbox 144 2506 2324 2574; baseline 0.001 -19"><span class='ocrx_word' id='word_1_331' title='bbox 144 2506 406 2556; x_wconf 89' lang='lat' dir='ltr'>Dominici</span> <span class='ocrx_word' id='word_1_332' title='bbox 449 2509 613 2571; x_wconf 81' lang='lat' dir='ltr'>Eucti,</span> <span class='ocrx_word' id='word_1_333' title='bbox 667 2525 844 2558; x_wconf 92' lang='lat' dir='ltr'>versus</span> <span class='ocrx_word' id='word_1_334' title='bbox 899 2508 1306 2574; x_wconf 88' lang='lat' dir='ltr'>septentrionem</span> <span class='ocrx_word' id='word_1_335' title='bbox 1351 2508 1404 2557; x_wconf 94' lang='lat' dir='ltr'>in</span> <span class='ocrx_word' id='word_1_336' title='bbox 1448 2509 1525 2557; x_wconf 90' lang='lat' dir='ltr'>via</span> <span class='ocrx_word' id='word_1_337' title='bbox 1569 2508 1808 2574; x_wconf 92' lang='lat' dir='ltr'>publica),</span> <span class='ocrx_word' id='word_1_338' title='bbox 1864 2509 2047 2558; x_wconf 89' lang='lat' dir='ltr'>furnus</span> <span class='ocrx_word' id='word_1_339' title='bbox 2102 2508 2154 2558; x_wconf 94' lang='lat' dir='ltr'>in</span> <span class='ocrx_word' id='word_1_340' title='bbox 2198 2526 2324 2574; x_wconf 79' lang='lat' dir='ltr'>ruga</span> 
     </span>
     <span class='ocr_line' id='line_1_33' title="bbox 144 2580 2323 2649; baseline 0.001 -19"><span class='ocrx_word' id='word_1_341' title='bbox 144 2580 194 2632; x_wconf 91' lang='lat' dir='ltr'>S.</span> <span class='ocrx_word' id='word_1_342' title='bbox 212 2581 410 2631; x_wconf 89' lang='lat' dir='ltr'>Nicolai</span> <span class='ocrx_word' id='word_1_343' title='bbox 440 2582 547 2648; x_wconf 90' lang='lat' dir='ltr'>(qui</span> <span class='ocrx_word' id='word_1_344' title='bbox 575 2582 741 2632; x_wconf 89' lang='lat' dir='ltr'>firmat</span> <span class='ocrx_word' id='word_1_345' title='bbox 769 2583 823 2631; x_wconf 94' lang='lat' dir='ltr'>in</span> <span class='ocrx_word' id='word_1_346' title='bbox 853 2583 1107 2632; x_wconf 87' lang='lat' dir='ltr'>orientem</span> <span class='ocrx_word' id='word_1_347' title='bbox 1136 2583 1189 2631; x_wconf 90' lang='lat' dir='ltr'>in</span> <span class='ocrx_word' id='word_1_348' title='bbox 1218 2583 1296 2631; x_wconf 90' lang='lat' dir='ltr'>via</span> <span class='ocrx_word' id='word_1_349' title='bbox 1325 2583 1545 2648; x_wconf 92' lang='lat' dir='ltr'>publica,</span> <span class='ocrx_word' id='word_1_350' title='bbox 1574 2583 1627 2632; x_wconf 90' lang='lat' dir='ltr'>in</span> <span class='ocrx_word' id='word_1_351' title='bbox 1656 2595 1891 2632; x_wconf 91' lang='lat' dir='ltr'>austrum</span> <span class='ocrx_word' id='word_1_352' title='bbox 1921 2584 1971 2632; x_wconf 92' lang='lat' dir='ltr'>in</span> <span class='ocrx_word' id='word_1_353' title='bbox 2002 2584 2136 2649; x_wconf 92' lang='lat' dir='ltr'>petia</span> <span class='ocrx_word' id='word_1_354' title='bbox 2164 2596 2323 2633; x_wconf 88' lang='lat' dir='ltr'>terrae</span> 
     </span>
     <span class='ocr_line' id='line_1_34' title="bbox 142 2657 2321 2724; baseline 0.002 -21"><span class='ocrx_word' id='word_1_355' title='bbox 142 2671 347 2719; x_wconf 89' lang='lat' dir='ltr'>vacuae,</span> <span class='ocrx_word' id='word_1_356' title='bbox 389 2672 521 2722; x_wconf 90' lang='lat' dir='ltr'>quae</span> <span class='ocrx_word' id='word_1_357' title='bbox 550 2670 624 2706; x_wconf 92' lang='lat' dir='ltr'>est</span> <span class='ocrx_word' id='word_1_358' title='bbox 653 2657 949 2706; x_wconf 89' lang='lat' dir='ltr'>communis</span> <span class='ocrx_word' id='word_1_359' title='bbox 978 2658 1317 2721; x_wconf 88' lang='lat' dir='ltr'>Venetorum,</span> <span class='ocrx_word' id='word_1_360' title='bbox 1360 2657 1414 2706; x_wconf 91' lang='lat' dir='ltr'>in</span> <span class='ocrx_word' id='word_1_361' title='bbox 1455 2657 1862 2723; x_wconf 88' lang='lat' dir='ltr'>septentrionem</span> <span class='ocrx_word' id='word_1_362' title='bbox 1904 2658 1956 2707; x_wconf 92' lang='lat' dir='ltr'>in</span> <span class='ocrx_word' id='word_1_363' title='bbox 1992 2658 2072 2706; x_wconf 91' lang='lat' dir='ltr'>via</span> <span class='ocrx_word' id='word_1_364' title='bbox 2100 2659 2321 2724; x_wconf 88' lang='lat' dir='ltr'>publica,</span> 
     </span>
     <span class='ocr_line' id='line_1_35' title="bbox 144 2729 2323 2798; baseline 0.001 -19"><span class='ocrx_word' id='word_1_365' title='bbox 144 2745 275 2795; x_wconf 88' lang='lat' dir='ltr'>quae</span> <span class='ocrx_word' id='word_1_366' title='bbox 295 2729 533 2780; x_wconf 89' lang='lat' dir='ltr'>discurrit</span> <span class='ocrx_word' id='word_1_367' title='bbox 560 2744 675 2781; x_wconf 89' lang='lat' dir='ltr'>ante</span> <span class='ocrx_word' id='word_1_368' title='bbox 704 2731 971 2781; x_wconf 87' lang='lat' dir='ltr'>ecclesiam</span> <span class='ocrx_word' id='word_1_369' title='bbox 1000 2732 1049 2781; x_wconf 88' lang='lat' dir='ltr'><strong>S.</strong></span> <span class='ocrx_word' id='word_1_370' title='bbox 1069 2732 1341 2795; x_wconf 86' lang='lat' dir='ltr'>Nicholai),</span> <span class='ocrx_word' id='word_1_371' title='bbox 1362 2731 1486 2780; x_wconf 87' lang='lat' dir='ltr'>alter</span> <span class='ocrx_word' id='word_1_372' title='bbox 1505 2732 1689 2782; x_wconf 90' lang='lat' dir='ltr'>furnus</span> <span class='ocrx_word' id='word_1_373' title='bbox 1709 2731 1815 2797; x_wconf 88' lang='lat' dir='ltr'>(qui</span> <span class='ocrx_word' id='word_1_374' title='bbox 1834 2731 2121 2798; x_wconf 89' lang='lat' dir='ltr'>appellatur</span> <span class='ocrx_word' id='word_1_375' title='bbox 2140 2732 2323 2782; x_wconf 89' lang='lat' dir='ltr'>furnus</span> 
     </span>
     <span class='ocr_line' id='line_1_36' title="bbox 144 2805 2322 2873; baseline 0.002 -20"><span class='ocrx_word' id='word_1_376' title='bbox 144 2820 361 2854; x_wconf 92' lang='lat' dir='ltr'>oscurus</span> <span class='ocrx_word' id='word_1_377' title='bbox 390 2818 438 2854; x_wconf 93' lang='lat' dir='ltr'>et</span> <span class='ocrx_word' id='word_1_378' title='bbox 465 2806 590 2855; x_wconf 91' lang='lat' dir='ltr'>situs</span> <span class='ocrx_word' id='word_1_379' title='bbox 619 2819 692 2855; x_wconf 92' lang='lat' dir='ltr'>est</span> <span class='ocrx_word' id='word_1_380' title='bbox 721 2806 773 2855; x_wconf 91' lang='lat' dir='ltr'>in</span> <span class='ocrx_word' id='word_1_381' title='bbox 802 2820 1029 2856; x_wconf 89' lang='lat' dir='ltr'>contrata</span> <span class='ocrx_word' id='word_1_382' title='bbox 1058 2806 1274 2869; x_wconf 89' lang='lat' dir='ltr'>Cobeib,</span> <span class='ocrx_word' id='word_1_383' title='bbox 1316 2805 1526 2855; x_wconf 87' lang='lat' dir='ltr'>firmans</span> <span class='ocrx_word' id='word_1_384' title='bbox 1555 2807 1605 2855; x_wconf 91' lang='lat' dir='ltr'>in</span> <span class='ocrx_word' id='word_1_385' title='bbox 1637 2806 1961 2856; x_wconf 90' lang='lat' dir='ltr'>occidentem</span> <span class='ocrx_word' id='word_1_386' title='bbox 2001 2807 2054 2855; x_wconf 94' lang='lat' dir='ltr'>in</span> <span class='ocrx_word' id='word_1_387' title='bbox 2083 2807 2161 2855; x_wconf 87' lang='lat' dir='ltr'>via</span> <span class='ocrx_word' id='word_1_388' title='bbox 2190 2810 2322 2873; x_wconf 90' lang='lat' dir='ltr'>pub—</span> 
     </span>
     <span class='ocr_line' id='line_1_37' title="bbox 142 2878 2322 2947; baseline 0.002 -21"><span class='ocrx_word' id='word_1_389' title='bbox 142 2878 252 2943; x_wconf 91' lang='lat' dir='ltr'>lica,</span> <span class='ocrx_word' id='word_1_390' title='bbox 272 2879 326 2928; x_wconf 93' lang='lat' dir='ltr'>in</span> <span class='ocrx_word' id='word_1_391' title='bbox 345 2880 750 2946; x_wconf 88' lang='lat' dir='ltr'>septentrionem</span> <span class='ocrx_word' id='word_1_392' title='bbox 779 2881 831 2930; x_wconf 90' lang='lat' dir='ltr'>in</span> <span class='ocrx_word' id='word_1_393' title='bbox 860 2881 956 2930; x_wconf 89' lang='lat' dir='ltr'>alia</span> <span class='ocrx_word' id='word_1_394' title='bbox 984 2882 1062 2929; x_wconf 87' lang='lat' dir='ltr'>via</span> <span class='ocrx_word' id='word_1_395' title='bbox 1092 2880 1329 2946; x_wconf 89' lang='lat' dir='ltr'>publica),</span> <span class='ocrx_word' id='word_1_396' title='bbox 1361 2881 1493 2947; x_wconf 92' lang='lat' dir='ltr'>petia</span> <span class='ocrx_word' id='word_1_397' title='bbox 1522 2894 1680 2930; x_wconf 90' lang='lat' dir='ltr'>terrae</span> <span class='ocrx_word' id='word_1_398' title='bbox 1709 2898 1867 2930; x_wconf 91' lang='lat' dir='ltr'>vacua</span> <span class='ocrx_word' id='word_1_399' title='bbox 1896 2895 1943 2930; x_wconf 93' lang='lat' dir='ltr'>et</span> <span class='ocrx_word' id='word_1_400' title='bbox 1970 2881 2137 2931; x_wconf 82' lang='lat' dir='ltr'>vicina</span> <span class='ocrx_word' id='word_1_401' title='bbox 2167 2882 2322 2931; x_wconf 86' lang='lat' dir='ltr'>furno</span> 
     </span>
     <span class='ocr_line' id='line_1_38' title="bbox 143 2951 2322 3022; baseline 0.001 -20"><span class='ocrx_word' id='word_1_402' title='bbox 143 2951 197 3002; x_wconf 92' lang='lat' dir='ltr'>in</span> <span class='ocrx_word' id='word_1_403' title='bbox 225 2969 353 3018; x_wconf 87' lang='lat' dir='ltr'>ruga</span> <span class='ocrx_word' id='word_1_404' title='bbox 381 2954 430 3004; x_wconf 92' lang='lat' dir='ltr'>S.</span> <span class='ocrx_word' id='word_1_405' title='bbox 461 2954 660 3004; x_wconf 92' lang='lat' dir='ltr'>Nicolai</span> <span class='ocrx_word' id='word_1_406' title='bbox 689 2956 785 3004; x_wconf 90' lang='lat' dir='ltr'>sito</span> <span class='ocrx_word' id='word_1_407' title='bbox 815 2954 963 3020; x_wconf 89' lang='lat' dir='ltr'>(quae</span> <span class='ocrx_word' id='word_1_408' title='bbox 998 2956 1148 3003; x_wconf 90' lang='lat' dir='ltr'>habet</span> <span class='ocrx_word' id='word_1_409' title='bbox 1177 2968 1393 3020; x_wconf 90' lang='lat' dir='ltr'>puteum</span> <span class='ocrx_word' id='word_1_410' title='bbox 1423 2969 1470 3004; x_wconf 93' lang='lat' dir='ltr'>et</span> <span class='ocrx_word' id='word_1_411' title='bbox 1498 2954 1664 3004; x_wconf 87' lang='lat' dir='ltr'>firmat</span> <span class='ocrx_word' id='word_1_412' title='bbox 1692 2955 1744 3004; x_wconf 93' lang='lat' dir='ltr'>in</span> <span class='ocrx_word' id='word_1_413' title='bbox 1774 2956 1969 3005; x_wconf 90' lang='lat' dir='ltr'>oriente</span> <span class='ocrx_word' id='word_1_414' title='bbox 2000 2956 2053 3005; x_wconf 94' lang='lat' dir='ltr'>in</span> <span class='ocrx_word' id='word_1_415' title='bbox 2084 2957 2160 3005; x_wconf 83' lang='lat' dir='ltr'>via</span> <span class='ocrx_word' id='word_1_416' title='bbox 2190 2959 2322 3022; x_wconf 88' lang='lat' dir='ltr'>pub—</span> 
     </span>
     <span class='ocr_line' id='line_1_39' title="bbox 142 3026 2319 3095; baseline 0.002 -20"><span class='ocrx_word' id='word_1_417' title='bbox 142 3026 250 3091; x_wconf 88' lang='lat' dir='ltr'>lica,</span> <span class='ocrx_word' id='word_1_418' title='bbox 279 3043 411 3093; x_wconf 87' lang='lat' dir='ltr'>quae</span> <span class='ocrx_word' id='word_1_419' title='bbox 431 3028 667 3079; x_wconf 89' lang='lat' dir='ltr'>discurrit</span> <span class='ocrx_word' id='word_1_420' title='bbox 695 3043 810 3079; x_wconf 88' lang='lat' dir='ltr'>ante</span> <span class='ocrx_word' id='word_1_421' title='bbox 832 3031 1051 3079; x_wconf 90' lang='lat' dir='ltr'>domum</span> <span class='ocrx_word' id='word_1_422' title='bbox 1069 3030 1349 3095; x_wconf 90' lang='lat' dir='ltr'>presbyteri</span> <span class='ocrx_word' id='word_1_423' title='bbox 1370 3029 1501 3079; x_wconf 82' lang='lat' dir='ltr'>Petri</span> <span class='ocrx_word' id='word_1_424' title='bbox 1531 3043 1577 3079; x_wconf 93' lang='lat' dir='ltr'>et</span> <span class='ocrx_word' id='word_1_425' title='bbox 1606 3031 1824 3079; x_wconf 91' lang='lat' dir='ltr'>domum</span> <span class='ocrx_word' id='word_1_426' title='bbox 1847 3030 2047 3079; x_wconf 92' lang='lat' dir='ltr'>domini</span> <span class='ocrx_word' id='word_1_427' title='bbox 2070 3032 2319 3080; x_wconf 80' lang='lat' dir='ltr'>Monriale</span> 
     </span>
     <span class='ocr_line' id='line_1_40' title="bbox 144 3101 2321 3171; baseline 0.002 -21"><span class='ocrx_word' id='word_1_428' title='bbox 144 3101 333 3167; x_wconf 90' lang='lat' dir='ltr'>militis,</span> <span class='ocrx_word' id='word_1_429' title='bbox 364 3102 417 3152; x_wconf 90' lang='lat' dir='ltr'>in</span> <span class='ocrx_word' id='word_1_430' title='bbox 446 3103 711 3153; x_wconf 91' lang='lat' dir='ltr'>occidente</span> <span class='ocrx_word' id='word_1_431' title='bbox 741 3104 794 3154; x_wconf 92' lang='lat' dir='ltr'>in</span> <span class='ocrx_word' id='word_1_432' title='bbox 824 3105 984 3154; x_wconf 89' lang='lat' dir='ltr'>domo</span> <span class='ocrx_word' id='word_1_433' title='bbox 1014 3104 1248 3153; x_wconf 86' lang='lat' dir='ltr'>Rainaldi</span> <span class='ocrx_word' id='word_1_434' title='bbox 1279 3105 1340 3153; x_wconf 93' lang='lat' dir='ltr'>de</span> <span class='ocrx_word' id='word_1_435' title='bbox 1370 3105 1632 3170; x_wconf 79' lang='lat' dir='ltr'>EmperaS,</span> <span class='ocrx_word' id='word_1_436' title='bbox 1671 3104 1724 3153; x_wconf 92' lang='lat' dir='ltr'>in</span> <span class='ocrx_word' id='word_1_437' title='bbox 1753 3106 2100 3171; x_wconf 84' lang='lat' dir='ltr'>septentrione</span> <span class='ocrx_word' id='word_1_438' title='bbox 2130 3123 2155 3154; x_wconf 87' lang='lat' dir='ltr'>a</span> <span class='ocrx_word' id='word_1_439' title='bbox 2186 3106 2321 3154; x_wconf 88' lang='lat' dir='ltr'>dicto</span> 
     </span>
     <span class='ocr_line' id='line_1_41' title="bbox 146 3174 2322 3246; baseline 0.002 -23"><span class='ocrx_word' id='word_1_440' title='bbox 146 3174 317 3241; x_wconf 89' lang='lat' dir='ltr'>furnO,</span> <span class='ocrx_word' id='word_1_441' title='bbox 359 3175 507 3241; x_wconf 89' lang='lat' dir='ltr'>cujus</span> <span class='ocrx_word' id='word_1_442' title='bbox 547 3178 710 3244; x_wconf 92' lang='lat' dir='ltr'>petiae</span> <span class='ocrx_word' id='word_1_443' title='bbox 753 3179 1079 3228; x_wconf 89' lang='lat' dir='ltr'>medietatem</span> <span class='ocrx_word' id='word_1_444' title='bbox 1112 3178 1277 3227; x_wconf 90' lang='lat' dir='ltr'>dictus</span> <span class='ocrx_word' id='word_1_445' title='bbox 1308 3179 1578 3243; x_wconf 89' lang='lat' dir='ltr'>Monriale,</span> <span class='ocrx_word' id='word_1_446' title='bbox 1620 3180 1828 3228; x_wconf 85' lang='lat' dir='ltr'>alteram</span> <span class='ocrx_word' id='word_1_447' title='bbox 1866 3180 2032 3229; x_wconf 91' lang='lat' dir='ltr'>dictus</span> <span class='ocrx_word' id='word_1_448' title='bbox 2061 3182 2322 3246; x_wconf 78' lang='lat' dir='ltr'>presbyter</span> 
     </span>
     <span class='ocr_line' id='line_1_42' title="bbox 144 3250 2320 3319; baseline 0.002 -21"><span class='ocrx_word' id='word_1_449' title='bbox 144 3250 439 3300; x_wconf 90' lang='lat' dir='ltr'>censualem</span> <span class='ocrx_word' id='word_1_450' title='bbox 466 3252 634 3316; x_wconf 92' lang='lat' dir='ltr'>tenet),</span> <span class='ocrx_word' id='word_1_451' title='bbox 668 3252 797 3303; x_wconf 88' lang='lat' dir='ltr'>alius</span> <span class='ocrx_word' id='word_1_452' title='bbox 835 3253 1019 3303; x_wconf 89' lang='lat' dir='ltr'>furnus</span> <span class='ocrx_word' id='word_1_453' title='bbox 1060 3253 1356 3302; x_wconf 89' lang='lat' dir='ltr'>communis</span> <span class='ocrx_word' id='word_1_454' title='bbox 1396 3266 1555 3303; x_wconf 85' lang='lat' dir='ltr'>terrae</span> <span class='ocrx_word' id='word_1_455' title='bbox 1596 3267 1742 3303; x_wconf 91' lang='lat' dir='ltr'>motu</span> <span class='ocrx_word' id='word_1_456' title='bbox 1784 3255 2071 3303; x_wconf 86' lang='lat' dir='ltr'>destructus</span> <span class='ocrx_word' id='word_1_457' title='bbox 2113 3255 2217 3319; x_wconf 81' lang='lat' dir='ltr'>(qui</span> <span class='ocrx_word' id='word_1_458' title='bbox 2248 3268 2320 3302; x_wconf 86' lang='lat' dir='ltr'>est</span> 
     </span>
     <span class='ocr_line' id='line_1_43' title="bbox 143 3323 2317 3394; baseline 0.001 -22"><span class='ocrx_word' id='word_1_459' title='bbox 143 3323 205 3373; x_wconf 92' lang='lat' dir='ltr'>de</span> <span class='ocrx_word' id='word_1_460' title='bbox 235 3325 465 3390; x_wconf 90' lang='lat' dir='ltr'>partione</span> <span class='ocrx_word' id='word_1_461' title='bbox 494 3343 586 3376; x_wconf 88' lang='lat' dir='ltr'>seu</span> <span class='ocrx_word' id='word_1_462' title='bbox 616 3327 868 3377; x_wconf 92' lang='lat' dir='ltr'>divisione</span> <span class='ocrx_word' id='word_1_463' title='bbox 911 3344 1031 3376; x_wconf 87' lang='lat' dir='ltr'>cum</span> <span class='ocrx_word' id='word_1_464' title='bbox 1068 3327 1221 3376; x_wconf 85' lang='lat' dir='ltr'>furno</span> <span class='ocrx_word' id='word_1_465' title='bbox 1262 3327 1310 3377; x_wconf 90' lang='lat' dir='ltr'><strong>S.</strong></span> <span class='ocrx_word' id='word_1_466' title='bbox 1343 3328 1501 3377; x_wconf 84' lang='lat' dir='ltr'>Marci</span> <span class='ocrx_word' id='word_1_467' title='bbox 1531 3342 1577 3377; x_wconf 91' lang='lat' dir='ltr'>et</span> <span class='ocrx_word' id='word_1_468' title='bbox 1606 3328 1772 3377; x_wconf 83' lang='lat' dir='ltr'>firmat</span> <span class='ocrx_word' id='word_1_469' title='bbox 1802 3328 1853 3377; x_wconf 91' lang='lat' dir='ltr'>in</span> <span class='ocrx_word' id='word_1_470' title='bbox 1884 3329 2015 3394; x_wconf 79' lang='lat' dir='ltr'>petia</span> <span class='ocrx_word' id='word_1_471' title='bbox 2044 3342 2200 3377; x_wconf 84' lang='lat' dir='ltr'>terrae</span> <span class='ocrx_word' id='word_1_472' title='bbox 2233 3328 2317 3376; x_wconf 77' lang='lat' dir='ltr'>tilii</span> 
     </span>
     <span class='ocr_line' id='line_1_44' title="bbox 144 3397 2318 3469; baseline 0.001 -22"><span class='ocrx_word' id='word_1_473' title='bbox 144 3397 418 3464; x_wconf 90' lang='lat' dir='ltr'>Symeonis</span> <span class='ocrx_word' id='word_1_474' title='bbox 446 3401 579 3450; x_wconf 85' lang='lat' dir='ltr'>Boni</span> <span class='ocrx_word' id='word_1_475' title='bbox 608 3413 656 3450; x_wconf 93' lang='lat' dir='ltr'>et</span> <span class='ocrx_word' id='word_1_476' title='bbox 685 3403 867 3468; x_wconf 86' lang='lat' dir='ltr'>partim</span> <span class='ocrx_word' id='word_1_477' title='bbox 909 3403 961 3450; x_wconf 90' lang='lat' dir='ltr'>in</span> <span class='ocrx_word' id='word_1_478' title='bbox 1002 3402 1270 3451; x_wconf 85' lang='lat' dir='ltr'>mansione</span> <span class='ocrx_word' id='word_1_479' title='bbox 1310 3402 1558 3451; x_wconf 90' lang='lat' dir='ltr'>Johannis</span> <span class='ocrx_word' id='word_1_480' title='bbox 1598 3403 1742 3469; x_wconf 90' lang='lat' dir='ltr'>Tyri,</span> <span class='ocrx_word' id='word_1_481' title='bbox 1785 3402 1838 3452; x_wconf 91' lang='lat' dir='ltr'>in</span> <span class='ocrx_word' id='word_1_482' title='bbox 1877 3404 2224 3468; x_wconf 79' lang='lat' dir='ltr'>septentrione</span> <span class='ocrx_word' id='word_1_483' title='bbox 2268 3403 2318 3451; x_wconf 90' lang='lat' dir='ltr'>in</span> 
     </span>
     <span class='ocr_line' id='line_1_45' title="bbox 144 3472 2318 3543; baseline 0.002 -22"><span class='ocrx_word' id='word_1_484' title='bbox 144 3472 303 3522; x_wconf 91' lang='lat' dir='ltr'>domo</span> <span class='ocrx_word' id='word_1_485' title='bbox 332 3475 626 3525; x_wconf 90' lang='lat' dir='ltr'>communis</span> <span class='ocrx_word' id='word_1_486' title='bbox 643 3477 998 3540; x_wconf 83' lang='lat' dir='ltr'>Venetorum),</span> <span class='ocrx_word' id='word_1_487' title='bbox 1030 3477 1082 3524; x_wconf 92' lang='lat' dir='ltr'>in</span> <span class='ocrx_word' id='word_1_488' title='bbox 1112 3476 1271 3541; x_wconf 84' lang='lat' dir='ltr'>capite</span> <span class='ocrx_word' id='word_1_489' title='bbox 1302 3493 1457 3542; x_wconf 78' lang='lat' dir='ltr'>rugae</span> <span class='ocrx_word' id='word_1_490' title='bbox 1488 3478 1536 3527; x_wconf 89' lang='lat' dir='ltr'><strong>S.</strong></span> <span class='ocrx_word' id='word_1_491' title='bbox 1561 3478 1718 3527; x_wconf 81' lang='lat' dir='ltr'>Marci</span> <span class='ocrx_word' id='word_1_492' title='bbox 1747 3478 1901 3542; x_wconf 87' lang='lat' dir='ltr'>volta,</span> <span class='ocrx_word' id='word_1_493' title='bbox 1932 3494 2086 3543; x_wconf 89' lang='lat' dir='ltr'>super</span> <span class='ocrx_word' id='word_1_494' title='bbox 2115 3494 2216 3542; x_wconf 78' lang='lat' dir='ltr'>qua</span> <span class='ocrx_word' id='word_1_495' title='bbox 2246 3491 2318 3526; x_wconf 88' lang='lat' dir='ltr'>est</span> 
     </span>
     <span class='ocr_line' id='line_1_46' title="bbox 143 3546 2317 3618; baseline 0.002 -23"><span class='ocrx_word' id='word_1_496' title='bbox 143 3546 333 3596; x_wconf 90' lang='lat' dir='ltr'>domus</span> <span class='ocrx_word' id='word_1_497' title='bbox 362 3549 649 3615; x_wconf 90' lang='lat' dir='ltr'>discoperta</span> <span class='ocrx_word' id='word_1_498' title='bbox 677 3552 739 3599; x_wconf 90' lang='lat' dir='ltr'>ab</span> <span class='ocrx_word' id='word_1_499' title='bbox 767 3551 1002 3599; x_wconf 88' lang='lat' dir='ltr'>Johanne</span> <span class='ocrx_word' id='word_1_500' title='bbox 1030 3551 1264 3599; x_wconf 85' lang='lat' dir='ltr'>Tonesto</span> <span class='ocrx_word' id='word_1_501' title='bbox 1304 3563 1427 3600; x_wconf 89' lang='lat' dir='ltr'>tunc</span> <span class='ocrx_word' id='word_1_502' title='bbox 1468 3551 1641 3615; x_wconf 82' lang='lat' dir='ltr'>bajulo</span> <span class='ocrx_word' id='word_1_503' title='bbox 1683 3566 1851 3618; x_wconf 81' lang='lat' dir='ltr'>empta</span> <span class='ocrx_word' id='word_1_504' title='bbox 1895 3554 2042 3617; x_wconf 81' lang='lat' dir='ltr'>(quae</span> <span class='ocrx_word' id='word_1_505' title='bbox 2075 3552 2235 3599; x_wconf 64' lang='lat' dir='ltr'>firmat</span> <span class='ocrx_word' id='word_1_506' title='bbox 2268 3552 2317 3599; x_wconf 87' lang='lat' dir='ltr'>in</span> 
     </span>
     <span class='ocr_line' id='line_1_47' title="bbox 146 3621 2317 3690; baseline 0.001 -20"><span class='ocrx_word' id='word_1_507' title='bbox 146 3621 400 3671; x_wconf 90' lang='lat' dir='ltr'>orientem</span> <span class='ocrx_word' id='word_1_508' title='bbox 430 3623 482 3672; x_wconf 90' lang='lat' dir='ltr'>in</span> <span class='ocrx_word' id='word_1_509' title='bbox 511 3624 589 3673; x_wconf 86' lang='lat' dir='ltr'>via</span> <span class='ocrx_word' id='word_1_510' title='bbox 629 3624 849 3690; x_wconf 87' lang='lat' dir='ltr'>publica,</span> <span class='ocrx_word' id='word_1_511' title='bbox 893 3642 1024 3690; x_wconf 81' lang='lat' dir='ltr'>quae</span> <span class='ocrx_word' id='word_1_512' title='bbox 1067 3625 1227 3689; x_wconf 74' lang='lat' dir='ltr'>pergit</span> <span class='ocrx_word' id='word_1_513' title='bbox 1268 3642 1442 3675; x_wconf 87' lang='lat' dir='ltr'>versus</span> <span class='ocrx_word' id='word_1_514' title='bbox 1485 3627 1534 3676; x_wconf 92' lang='lat' dir='ltr'><strong>S.</strong></span> <span class='ocrx_word' id='word_1_515' title='bbox 1567 3627 1792 3683; x_wconf 82' lang='lat' dir='ltr'>Petrum,</span> <span class='ocrx_word' id='word_1_516' title='bbox 1834 3627 1884 3674; x_wconf 91' lang='lat' dir='ltr'>in</span> <span class='ocrx_word' id='word_1_517' title='bbox 1914 3627 2233 3674; x_wconf 81' lang='lat' dir='ltr'>occidentem</span> <span class='ocrx_word' id='word_1_518' title='bbox 2268 3626 2317 3674; x_wconf 88' lang='lat' dir='ltr'>in</span> 
     </span>
     <span class='ocr_line' id='line_1_48' title="bbox 146 3695 2317 3766; baseline 0.001 -23"><span class='ocrx_word' id='word_1_519' title='bbox 146 3695 307 3744; x_wconf 90' lang='lat' dir='ltr'>domo</span> <span class='ocrx_word' id='word_1_520' title='bbox 327 3696 549 3747; x_wconf 85' lang='lat' dir='ltr'>Rolandi</span> <span class='ocrx_word' id='word_1_521' title='bbox 569 3700 849 3748; x_wconf 86' lang='lat' dir='ltr'>Contareni</span> <span class='ocrx_word' id='word_1_522' title='bbox 881 3713 926 3748; x_wconf 88' lang='lat' dir='ltr'>et</span> <span class='ocrx_word' id='word_1_523' title='bbox 958 3699 1138 3764; x_wconf 79' lang='lat' dir='ltr'>partim</span> <span class='ocrx_word' id='word_1_524' title='bbox 1160 3699 1210 3747; x_wconf 91' lang='lat' dir='ltr'>in</span> <span class='ocrx_word' id='word_1_525' title='bbox 1231 3700 1389 3749; x_wconf 86' lang='lat' dir='ltr'>domo</span> <span class='ocrx_word' id='word_1_526' title='bbox 1408 3701 1658 3750; x_wconf 83' lang='lat' dir='ltr'>Johannis</span> <span class='ocrx_word' id='word_1_527' title='bbox 1678 3701 1822 3765; x_wconf 78' lang='lat' dir='ltr'>Tyri,</span> <span class='ocrx_word' id='word_1_528' title='bbox 1846 3701 1895 3749; x_wconf 91' lang='lat' dir='ltr'>in</span> <span class='ocrx_word' id='word_1_529' title='bbox 1916 3701 2317 3766; x_wconf 80' lang='lat' dir='ltr'>septentrionem</span> 
     </span>
     <span class='ocr_line' id='line_1_49' title="bbox 143 3768 2317 3840; baseline 0.002 -23"><span class='ocrx_word' id='word_1_530' title='bbox 143 3768 198 3818; x_wconf 94' lang='lat' dir='ltr'>in</span> <span class='ocrx_word' id='word_1_531' title='bbox 226 3770 306 3819; x_wconf 90' lang='lat' dir='ltr'>via</span> <span class='ocrx_word' id='word_1_532' title='bbox 335 3770 556 3836; x_wconf 87' lang='lat' dir='ltr'>publica,</span> <span class='ocrx_word' id='word_1_533' title='bbox 577 3789 707 3837; x_wconf 83' lang='lat' dir='ltr'>quae</span> <span class='ocrx_word' id='word_1_534' title='bbox 738 3774 972 3823; x_wconf 88' lang='lat' dir='ltr'>discurrit</span> <span class='ocrx_word' id='word_1_535' title='bbox 1002 3786 1117 3821; x_wconf 82' lang='lat' dir='ltr'>ante</span> <span class='ocrx_word' id='word_1_536' title='bbox 1148 3773 1196 3822; x_wconf 86' lang='lat' dir='ltr'><strong>S.</strong></span> <span class='ocrx_word' id='word_1_537' title='bbox 1220 3775 1487 3838; x_wconf 80' lang='lat' dir='ltr'>Marcum),</span> <span class='ocrx_word' id='word_1_538' title='bbox 1518 3776 1612 3824; x_wconf 77' lang='lat' dir='ltr'>alia</span> <span class='ocrx_word' id='word_1_539' title='bbox 1643 3775 1773 3840; x_wconf 84' lang='lat' dir='ltr'>petia</span> <span class='ocrx_word' id='word_1_540' title='bbox 1800 3788 1956 3823; x_wconf 74' lang='lat' dir='ltr'>terrae</span> <span class='ocrx_word' id='word_1_541' title='bbox 1987 3775 2133 3839; x_wconf 66' lang='lat' dir='ltr'>(quate</span> <span class='ocrx_word' id='word_1_542' title='bbox 2156 3774 2317 3822; x_wconf 69' lang='lat' dir='ltr'>lirmttt</span> 
     </span>
     <span class='ocr_line' id='line_1_50' title="bbox 143 3844 2315 3912; baseline 0.002 -21"><span class='ocrx_word' id='word_1_543' title='bbox 143 3859 319 3894; x_wconf 89' lang='lat' dir='ltr'>versus</span> <span class='ocrx_word' id='word_1_544' title='bbox 341 3844 593 3895; x_wconf 85' lang='lat' dir='ltr'>orientem</span> <span class='ocrx_word' id='word_1_545' title='bbox 613 3847 665 3895; x_wconf 90' lang='lat' dir='ltr'>in</span> <span class='ocrx_word' id='word_1_546' title='bbox 686 3848 955 3911; x_wconf 88' lang='lat' dir='ltr'>divisione,</span> <span class='ocrx_word' id='word_1_547' title='bbox 977 3864 1106 3912; x_wconf 82' lang='lat' dir='ltr'>quae</span> <span class='ocrx_word' id='word_1_548' title='bbox 1138 3860 1210 3896; x_wconf 87' lang='lat' dir='ltr'>est</span> <span class='ocrx_word' id='word_1_549' title='bbox 1239 3848 1368 3897; x_wconf 85' lang='lat' dir='ltr'>inter</span> <span class='ocrx_word' id='word_1_550' title='bbox 1397 3866 1677 3898; x_wconf 85' lang='lat' dir='ltr'>commune</span> <span class='ocrx_word' id='word_1_551' title='bbox 1701 3850 2018 3898; x_wconf 86' lang='lat' dir='ltr'>Venetorum</span> <span class='ocrx_word' id='word_1_552' title='bbox 2051 3862 2095 3897; x_wconf 88' lang='lat' dir='ltr'>et</span> <span class='ocrx_word' id='word_1_553' title='bbox 2127 3866 2315 3912; x_wconf 70' lang='lat' dir='ltr'>regem,</span> 
     </span>
     <span class='ocr_line' id='line_1_51' title="bbox 143 3920 2318 3979; baseline 0.002 -13"><span class='ocrx_word' id='word_1_554' title='bbox 143 3934 320 3968; x_wconf 91' lang='lat' dir='ltr'>versus</span> <span class='ocrx_word' id='word_1_555' title='bbox 348 3920 670 3970; x_wconf 90' lang='lat' dir='ltr'>occidentem</span> <span class='ocrx_word' id='word_1_556' title='bbox 701 3922 751 3970; x_wconf 88' lang='lat' dir='ltr'>in</span> <span class='ocrx_word' id='word_1_557' title='bbox 782 3923 941 3971; x_wconf 88' lang='lat' dir='ltr'>domo</span> <span class='ocrx_word' id='word_1_558' title='bbox 971 3938 1089 3970; x_wconf 91' lang='lat' dir='ltr'>cum</span> <span class='ocrx_word' id='word_1_559' title='bbox 1121 3922 1258 3971; x_wconf 80' lang='lat' dir='ltr'>curia</span> <span class='ocrx_word' id='word_1_560' title='bbox 1287 3924 1486 3972; x_wconf 88' lang='lat' dir='ltr'>domini</span> <span class='ocrx_word' id='word_1_561' title='bbox 1522 3926 1754 3972; x_wconf 77' lang='lat' dir='ltr'>Manasse</span> <span class='ocrx_word' id='word_1_562' title='bbox 1789 3924 1965 3979; x_wconf 77' lang='lat' dir='ltr'>Dulce,</span> <span class='ocrx_word' id='word_1_563' title='bbox 2009 3923 2318 3972; x_wconf 80' lang='lat' dir='ltr'>vicecomitis</span> 
     </span>
    </p>
   </div>
   <div class='ocr_carea' id='block_1_4' title="bbox 1967 4036 2046 4094">
    <p class='ocr_par' dir='ltr' id='par_1_4' title="bbox 1967 4036 2046 4094">
     <span class='ocr_line' id='line_1_52' title="bbox 1967 4036 2046 4094; baseline 0 -16"><span class='ocrx_word' id='word_1_564' title='bbox 1967 4036 2046 4094; x_wconf 63' lang='lat'>19*</span> 
     </span>
    </p>
   </div>
  </div>
 </body>
</html>
