2684 4244
340 164 444 216 234
1269 142 1559 199 Regesta

335 342 436 391 que
477 342 609 374 nova
648 324 983 374 admiratione
1024 324 1395 374 consideranda
1423 338 1557 375 sunt.
1616 325 1926 376 Audivimus
1955 338 2002 376 et
2028 326 2099 376 rei
2127 326 2387 377 veritatem
2414 344 2506 395 per

335 398 530 462 certo(s)
560 399 779 447 nuncios
807 397 1099 462 didicimuS,
1119 399 1264 464 quod
1294 399 1356 448 de
1375 399 1584 448 Hiberia
1604 400 1814 465 quidam
1834 399 2109 464 christiani,
2130 401 2220 466 qui
2241 401 2504 467 Georgeni

335 474 592 535 dicuntur,
612 488 732 521 cum
751 472 1024 521 innumera
1043 472 1374 522 multitudine
1394 473 1617 523 militum
1637 474 2008 539 compeditum,
2028 474 2206 524 divino
2225 475 2505 541 inspirante

334 547 540 609 auxilio,
571 562 729 595 manu
751 546 944 595 fortiter
968 559 1170 610 armata,
1190 559 1364 596 contra
1384 546 1615 597 infideles
1633 563 1860 613 paganos
1878 548 2266 599 insurrexerunt
2282 549 2508 600 alacriter

334 634 381 670 et
409 619 507 684 jam
538 620 675 670 CCC
705 620 903 669 castella
932 632 981 669 et
1019 620 1087 670 IX
1116 621 1361 670 maximas
1402 623 1552 671 urbes
1593 620 1942 686 subjuganteS,
1981 621 2257 672 retinentes
2295 622 2508 673 forciara

334 695 507 758 (corr.:
547 693 801 757 forciora),
839 694 1086 743 debiliora
1125 694 1179 744 in
1219 695 1443 744 cinerem
1483 696 1857 760 redegerunt.3)
1909 695 2258 746 Predictarum
2298 696 2508 747 urbium

335 769 556 834 quedam
588 769 683 818 sub
713 768 919 818 Eufrate
948 768 1040 817 sita
1070 782 1370 818 cunctarum
1410 769 1618 819 urbium
1660 770 2021 836 paganicarum
2060 783 2164 819 erat
2190 771 2509 821 nobilissima

333 856 380 892 et
406 858 606 906 magna.
649 843 910 892 Dominus
940 841 1096 906 hujus
1123 843 1264 892 urbis
1292 856 1488 908 preerat
1515 843 1650 893 filius
1676 844 1877 893 soldani
1904 843 2183 908 Babilonis,
2213 844 2303 910 qui
2330 857 2509 911 captus

333 935 359 966 a
387 916 626 983 predictis
655 916 939 966 christianis
968 916 1127 983 capite
1156 929 1420 967 truncatus
1448 930 1537 981 est,
1558 918 1793 983 quamvis
1821 917 1931 967 auri
1959 917 2214 967 infinitam
2233 918 2508 985 pecuniam

333 990 649 1057 promitteret
675 1008 728 1040 se
758 992 1015 1041 daturum.
1060 991 1204 1053 Quid
1234 992 1402 1041 dicam
1430 1008 1521 1057 per
1547 992 1783 1057 singula?
1834 990 1988 1041 Tales
2016 992 2194 1057 quales
2221 992 2416 1059 predixi
2443 993 2507 1042 ad

331 1078 515 1115 terram
555 1066 960 1131 recuperandam
1000 1078 1172 1115 sancte
1210 1065 1527 1115 Jherusalem
1568 1066 1776 1115 venient
1813 1078 1974 1115 totam
2021 1066 2294 1132 paganiam
2321 1065 2508 1132 subju-

331 1152 523 1204 gantes
555 1140 665 1188 Rex
683 1140 720 1204 4)
750 1156 932 1189 eorum
964 1139 1151 1189 nobilis
1179 1140 1436 1189 sexdecim
1464 1156 1630 1189 annos
1659 1156 1750 1206 par
1766 1139 2062 1189 Alexandro
2091 1139 2283 1190 viribus
2310 1153 2360 1190 et
2386 1157 2507 1208 pro-

334 1213 500 1277 bitate,
545 1229 652 1263 non
679 1214 935 1263 tamenin
965 1213 1080 1264 fide.
1137 1214 1234 1263 Iste
1273 1231 1404 1280 puer
1443 1231 1555 1263 ossa
1596 1213 1767 1262 matris
1807 1231 1900 1264 sue
1938 1214 2114 1278 regine
2153 1214 2509 1281 potentissime

332 1287 547 1337 nomine
590 1288 820 1337 Thamar
840 1288 876 1352 5)
920 1304 1098 1338 secum
1143 1301 1324 1354 portat,
1368 1305 1494 1353 que,
1541 1289 1668 1337 dum
1711 1288 1924 1352 viveret,
1967 1301 2149 1338 votum
2193 1288 2309 1338 fecit
2350 1288 2510 1340 eundi

330 1363 354 1412 J
360 1363 650 1412 herusalem
670 1375 734 1425 et,
755 1362 795 1411 si
823 1375 1124 1425 moreretur,
1156 1362 1353 1428 rogavit
1379 1362 1547 1411 filium
1565 1378 1738 1427 suum,
1759 1375 1815 1412 ut
1833 1361 1942 1427 ejus
1961 1378 2073 1412 ossa
2092 1363 2154 1412 ad
2172 1362 2511 1430 sepulchrum

333 1436 549 1487 Domini
578 1436 967 1500 deffer(r)entur.
1022 1437 1115 1486 Iste
1145 1453 1268 1501 ergo
1299 1437 1535 1502 precibus
1562 1436 1735 1486 matris
1764 1437 2102 1502 adquiescens
2128 1450 2310 1487 votum
2339 1437 2510 1487 matris

331 1528 422 1560 sue
451 1523 730 1560 restaurare
760 1511 1010 1560 desiderat
1038 1523 1088 1560 et
1115 1528 1225 1560 eam
1256 1511 1308 1560 in
1337 1524 1563 1560 sanctam
1593 1511 1860 1575 civitatem,
1890 1510 2185 1561 volentibus
2213 1524 2262 1561 et
2289 1510 2512 1562 nolenti-

332 1587 428 1635 bus
459 1585 686 1651 paganiS,
716 1585 951 1651 promisit
978 1584 1211 1651 sepelire.
1267 1586 1462 1635 Mando
1491 1585 1637 1634 vobis
1665 1585 1870 1650 iterum,
1908 1585 2139 1650 domine,
2169 1586 2316 1652 quod
2341 1585 2512 1636 statim
2544 1628 2547 1630 .

332 1672 448 1726 post
486 1657 587 1723 jam
627 1659 757 1708 dicta
797 1659 980 1725 scripta
1021 1659 1313 1722 didicimuS,
1354 1676 1432 1709 res
1460 1672 1533 1708 est
1559 1659 1806 1709 mirabilis
1834 1673 1881 1709 et
1908 1659 2211 1709 miserabilis
2238 1673 2287 1710 et
2313 1660 2511 1710 cunctis

332 1733 577 1800 pavenda.
609 1733 945 1783 Notificatum
975 1746 1054 1783 est
1080 1733 1232 1783 nobis
1261 1733 1441 1783 ultima
1458 1734 1742 1800 septimana
1760 1734 1983 1799 Augusti
2002 1750 2092 1800 per
2107 1750 2256 1784 veros
2274 1733 2511 1799 nuncios,

332 1809 491 1874 quod,
509 1807 745 1873 quamvis
763 1825 944 1858 verum
961 1820 1134 1857 tamen
1152 1808 1479 1858 audientibus
1498 1807 1579 1857 vix
1607 1808 1863 1871 credibile,
1882 1821 2012 1858 terre
2030 1821 2204 1858 motus
2220 1808 2332 1858 talis
2351 1808 2511 1859 factus

331 1896 419 1944 est,
463 1882 553 1947 qui
582 1899 872 1948 numquam
914 1882 1077 1932 fuerat
1119 1882 1341 1933 auditus,
1400 1883 1584 1932 Factus
1627 1896 1675 1932 et
1718 1882 1879 1949 pridie
1922 1896 2037 1932 ante
2080 1882 2307 1948 vigiliam
2350 1883 2511 1933 sancti

331 1957 583 2007 Johannis
611 1957 834 2023 Baptiste
864 1957 947 2021 (22
969 1957 1154 2021 Jun.)ss)
1184 1957 1237 2007 in
1265 1970 1394 2006 terra
1421 1957 1683 2022 Losore,⁷)
1713 1973 1815 2023 que
1843 1956 1991 2007 afinis
2020 1970 2094 2006 est
2120 1957 2323 2008 soldani
2349 1957 2510 2007 d’En-

331 2031 544 2097 coine,8)
575 2045 622 2081 et
650 2044 753 2080 tam
783 2048 1021 2096 magnuS,
1042 2033 1186 2097 quod
1205 2032 1365 2082 multe
1384 2031 1500 2081 ville
1520 2043 1569 2081 et
1587 2044 1742 2081 castra
1761 2044 2067 2082 corruerunt
2085 2044 2134 2082 et
2151 2032 2252 2082 due
2270 2031 2510 2097 civitateS,

331 2106 556 2172 quedam
599 2106 795 2155 abbatia
835 2118 952 2155 ante
992 2107 1273 2171 quamdam
1314 2105 1567 2155 civitatem
1608 2106 1822 2155 nomine
1851 2105 2115 2155 Finedelfe
2137 2105 2172 2170 9)
2203 2105 2257 2156 in
2283 2106 2512 2156 abissum

331 2180 540 2247 perdite,
584 2193 755 2230 tamen
799 2193 929 2230 terra
971 2180 1123 2247 plana
1166 2180 1220 2230 in
1262 2180 1445 2247 impari
1488 2181 1604 2230 loco
1647 2193 1960 2245 remanente,
2006 2196 2128 2230 cum
2167 2180 2512 2230 habitantibus

331 2267 669 2305 recesserunt.
725 2254 772 2304 O
801 2255 991 2304 mirum
1023 2267 1072 2304 et
1099 2255 1297 2304 cunctis
1325 2254 1697 2304 admirantibus
1725 2255 2047 2321 pavendum!
2103 2255 2240 2304 Inter
2266 2254 2377 2320 hec,
2407 2270 2512 2321 que

331 2341 481 2380 restat
509 2330 693 2394 dicere,
724 2342 855 2379 certe
876 2346 954 2378 res
975 2342 1049 2378 est
1066 2329 1346 2393 verissima,
1369 2329 1600 2393 domine,
1621 2329 1765 2395 quod
1785 2329 1998 2395 quidam
2017 2345 2172 2379 mons
2189 2341 2318 2379 terre
2338 2341 2512 2379 motus

331 2404 517 2454 scissus
546 2421 635 2470 per
665 2404 897 2453 medium
926 2421 985 2453 ex
1015 2421 1119 2454 una
1147 2416 1288 2470 parte
1317 2404 1646 2467 sanguinem,
1688 2420 1745 2452 ex
1776 2404 1870 2452 alia
1902 2403 1978 2452 lac
2005 2403 2145 2453 visus
2173 2415 2246 2453 est
2273 2419 2511 2454 emanare

332 2495 422 2547 per
448 2491 606 2528 totam
627 2478 763 2528 diem
795 2491 842 2528 et
870 2495 929 2528 ex
957 2494 1019 2527 eo
1048 2478 1144 2528 alia
1172 2479 1253 2528 die
1282 2494 1414 2543 aqua
1434 2478 1731 2527 fetidissima
1760 2478 2001 2528 sabulum
2029 2494 2151 2528 cum
2178 2477 2513 2528 multitudine

333 2553 571 2617 maxima,
592 2566 639 2603 et
657 2553 839 2617 sciatiS,
861 2553 1006 2619 quod
1023 2566 1170 2617 terra,
1191 2553 1244 2602 in
1262 2569 1365 2618 qua
1384 2553 1484 2602 hoc
1513 2551 1743 2601 mirabile
1773 2552 1963 2601 factum
1992 2564 2081 2618 est,
2111 2552 2514 2603 christianorum

332 2641 420 2692 est,
452 2641 499 2677 et
526 2628 645 2678 ideo
676 2628 916 2677 mandavi
944 2627 1107 2691 vobis,
1140 2641 1193 2677 ut
1222 2628 1316 2676 hec
1345 2627 1544 2694 populo
1573 2626 1930 2676 annuncietis»
1969 2626 2031 2691 (E
2058 2626 2235 2677 codice
2253 2626 2409 2677 Paris,
2427 2626 2510 2677 lat.

331 2704 432 2753 No.
459 2720 615 2768 5137,
637 2702 723 2752 fol.
754 2721 768 2751 1
795 2701 974 2767 gallice
994 2718 1202 2751 versum
1222 2702 1391 2768 primo
1412 2701 1606 2751 editum
1638 2701 1689 2750 in
1719 2701 1851 2751 Hist.
1880 2701 1972 2751 litt.
2004 2701 2066 2751 de
2094 2701 2140 2750 la
2167 2701 2362 2751 France
2379 2701 2512 2764 XXI,

333 2795 382 2844 p.
416 2779 734 2844 781——7833
780 2793 875 2827 nos
903 2776 1057 2843 primi
1085 2775 1392 2842 originalem
1420 2776 1639 2825 latinum
1667 2788 1865 2825 textum
1894 2774 2134 2838 edimus).
2398 2773 2514 2824 868

454 2867 490 2914 3)
524 2863 595 2906 De
621 2861 1002 2920 expeditionibus
1026 2877 1051 2905 a
1077 2861 1358 2919 Georgianis
1383 2873 1550 2907 contra
1570 2863 1837 2907 Saracenos
1862 2860 1997 2905 factis
2019 2859 2182 2905 videas
2200 2861 2363 2905 Journ.
2382 2858 2514 2905 asiat.

332 2923 394 2966 IV
419 2921 534 2979 Ser„
558 2922 675 2978 XIII,
709 2936 752 2979 p.
778 2921 1014 2980 507-508
1038 2923 1391 2981 (1202—1203),
1425 2936 1468 2979 p.
1494 2937 1721 2981 509—511
1753 2923 2102 2979 (1204—a1205),
2136 2934 2180 2986 p.
2206 2934 2286 2978 511
2320 2921 2514 2978 (1205—

341 2982 485 3037 1206),
509 2997 552 3039 p.
578 2981 1182 3040 515—517(12o6—12o7),
1206 2995 1250 3038 p.
1274 2996 1507 3040 517——522
1543 2981 1922 3039 (1208—1209);
1957 2979 2016 3024 de
2040 2994 2174 3024 anms
2204 2993 2383 3038 1209—
2405 2994 2507 3023 1221

334 3051 503 3086 auctor
524 3040 637 3085 nihil
660 3040 815 3084 offert.
939 3043 977 3094 4)
1013 3040 1248 3099 Georgius
1272 3041 1335 3084 IV
1360 3041 1542 3086 Lascha
1567 3042 1918 3098 (1212—1223),
1937 3038 2018 3097 qui
2035 3039 2183 3083 XVIII
2201 3052 2355 3083 annos
2374 3048 2512 3084 natus

333 3116 537 3160 regnum
561 3101 760 3157 adeptus
785 3110 855 3144 est
878 3101 1108 3158 (Brosset,
1131 3100 1249 3144 Hist.
1274 3100 1333 3144 de
1358 3099 1565 3159 Georgie
1589 3101 1621 3158 I,
1644 3115 1688 3158 p.
1711 3099 1834 3157 481).
1985 3099 2020 3156 5)
2055 3099 2192 3155 Quae
2214 3111 2373 3156 neque
2403 3113 2506 3142 1211

334 3160 562 3218 (Lebeau,
584 3159 701 3204 Hist.
727 3160 790 3203 du
815 3161 898 3203 bas
922 3159 1102 3217 empire
1126 3160 1269 3215 XVII,
1292 3175 1336 3218 p.
1358 3160 1476 3219 256),
1500 3174 1656 3218 neque
1685 3174 1793 3218 1207
1816 3159 1998 3216 (Journ.
2022 3157 2152 3202 asiat.
2172 3157 2235 3201 IV
2256 3154 2376 3214 Ser„
2393 3157 2513 3215 XIII,

334 3235 377 3277 p.
403 3219 669 3278 516——517),
693 3219 776 3263 sed
808 3218 856 3262 18
879 3220 979 3263 Jan.
1013 3234 1118 3263 1212
1145 3229 1335 3263 mortua
1359 3220 1575 3276 (Brosset
1597 3220 1629 3276 I,
1652 3234 1695 3277 p.
1720 3231 1834 3277 4773
1869 3217 1927 3261 cf.
1951 3215 2219 3274 Additions,
2243 3230 2287 3274 p.
2313 3231 2414 3276 297,
2435 3217 2513 3261 In-

333 3278 605 3324 troduction
624 3278 809 3335 LXVII)
829 3288 874 3322 et
892 3277 939 3333 in
958 3279 1074 3322 urbe
1099 3278 1301 3322 Chelath
1324 3280 1508 3336 sepulta
1532 3289 1616 3323 est.
1771 3280 1806 3333 ⁶)
1839 3274 1990 3336 Hujus
2014 3286 2166 3320 terrae
2190 3286 2352 3320 motus
2375 3289 2513 3320 men-

334 3338 517 3384 tionem
541 3337 711 3382 frustra
738 3337 1057 3396 quaesivimus
1079 3337 1127 3381 in
1151 3337 1400 3382 chronicis.
1557 3339 1590 3396 7)
1623 3335 1796 3381 Isauria
1819 3334 2068 3380 meridiem
2089 3349 2252 3380 versus
2278 3335 2336 3379 de
2361 3349 2514 3394 regno

336 3409 381 3443 et
405 3399 521 3442 urbe
545 3396 706 3442 Iconii.
847 3398 880 3455 ⁸)
913 3397 965 3441 Id
988 3407 1059 3441 est
1081 3396 1235 3442 Iconii.
1372 3398 1406 3455 9)
1441 3398 1618 3456 Aperte
1641 3394 1980 3453 Philadelphia.

417 3475 567 3524 1214
609 3476 772 3543 April.
822 3493 904 3542 23.
961 3476 1125 3526 Tarsi.
1175 3504 1243 3511 —-
1286 3478 1393 3526 Leo
1438 3477 1504 3541 II,
1548 3493 1635 3526 rex
1677 3474 1971 3539 Armeniae,
2016 3473 2186 3539 sigillo
2230 3473 2514 3540 confirmat,

337 3551 589 3601 Garinum
622 3552 684 3600 de
714 3552 893 3601 Monte
915 3554 1100 3608 Acuto,
1122 3551 1425 3616 magistrum
1446 3552 1635 3601 domus
1653 3548 1953 3616 HospitaliS,
1973 3548 2069 3597 sibi
2097 3565 2192 3614 pro
2220 3548 2516 3615 supplendo

337 3624 667 3675 matrimonio
708 3623 840 3674 filiae
880 3625 986 3689 regi
1026 3625 1503 3692 Hierosolymitano
1548 3625 1689 3674 datae
1734 3624 1829 3674 XX
1868 3622 2028 3672 millia
2071 3622 2413 3672 bisantiorum
2451 3622 2515 3671 ad

337 3701 547 3765 pondus
586 3703 764 3749 Accon
805 3700 1275 3749 accommodavisse
1317 3712 1365 3749 et
1398 3699 1605 3766 pignori
1643 3711 1804 3748 totam
1841 3710 2026 3746 terram
2066 3695 2356 3761 Giguerii1)
2395 3711 2516 3746 cum

462 3815 494 3867 ¹)
527 3811 737 3872 Djeguer
769 3813 866 3857 sive
901 3811 1038 3872 Bajas
1062 3812 1110 3857 in
1132 3811 1238 3857 sinu.
1261 3811 1654 3856 Alexandrettino
1679 3809 1950 3869 (Dulaurier
1970 3809 2019 3854 in
2041 3810 2205 3854 Journ.
2229 3808 2359 3855 asiat.
2391 3809 2515 3867 1861,

337 3873 500 3975 XXgIIg,
523 3887 571 3987 ἕ)
593 3887 693 3930 299,
719 3887 799 3931 3¹3
819 3885 829 3927 ς
862 3874 970 3916 Rec.
993 3873 1035 3916 d.
1054 3872 1159 3916 hist.
1180 3873 1223 3915 d.
1244 3872 1461 3928 croisad.,
1485 3881 1577 3915 aut.
1598 3869 1777 3915 arme'n.
1800 3871 1832 3926 I,
1855 3884 1901 3927 p.
1925 3869 2074 3927 XXX,
2096 3869 2281 3928 XLVII,
2302 3868 2515 3927 LXXIX,

338 3940 392 3975 02
427 3965 440 3989 ,
492 3946 522 3988 4
576 3965 585 3974 .
