2684 4244
301 195 404 244 204
1231 173 1525 230 Regesta

296 369 586 405 antecessor
624 356 761 420 apud
802 355 1057 420 quosdam
1088 356 1259 405 fratres
1288 356 1447 405 dictae
1477 356 1683 405 militiae
1712 357 2036 422 deposuerat,
2067 357 2277 405 reddere
2307 357 2465 405 dene-

295 442 488 495 garent,
520 428 851 478 Innocentius
881 430 1093 478 eosdem
1121 430 1296 479 litteris
1325 443 1372 479 et
1404 446 1494 496 per
1523 430 1888 480 Sidoniensem
1917 442 1964 479 et
1990 430 2304 479 Bibliensem
2331 429 2466 496 epis-

296 521 455 569 copos
495 504 762 568 compulit,
805 515 861 552 ut
899 503 1175 569 pecuniam
1214 504 1500 567 redderent,
1543 505 1649 568 sed,
1691 504 1821 553 sicut
1861 521 1921 553 ex
1960 503 2171 553 fratrum
2210 497 2468 554 dictorum

297 577 523 643 epistolis
552 590 599 626 et
627 593 715 627 ore
753 577 1061 627 nuntiorum
1102 578 1362 642 cognovit,
1405 578 1680 644 episcopus
1720 577 2058 641 SidoniensiS,
2100 593 2220 627 cum
2249 578 2312 627 de
2339 589 2468 627 terra

296 651 640 715 Antiochena,
672 651 760 700 ubi
790 667 884 718 pro
914 652 1048 702 bello
1078 652 1209 701 inter
1236 652 1523 718 principem
1551 651 1858 702 Antiochiae
1887 663 1935 700 et
1963 652 2239 701 soldanum
2257 651 2470 718 Alapiae

297 738 472 775 exorto
501 724 821 790 aliquamdiu
851 726 1156 775 commorati
1185 739 1344 790 erant,
1374 726 1598 776 redirent
1626 739 1673 775 et
1701 727 1924 791 quadam
1952 726 2033 775 die
2064 725 2239 775 Martis
2265 726 2468 793 Tyrum

297 800 653 866 applicassent,
695 799 767 848 eis
794 813 1100 865 sequentem
1129 799 1267 849 diem
1295 800 1432 850 Jovis
1459 800 1741 850 terminum
1782 800 2069 864 assignavit,
2100 816 2207 866 quo
2236 801 2298 850 de
2326 811 2469 850 ante-

296 874 426 923 dicta
455 874 674 939 pecunia
702 875 1089 940 responderent.
1134 874 1318 935 Quum
1345 890 1466 923 vero
1501 874 1755 938 magister,
1784 874 2098 939 quibusdam
2127 873 2346 939 negotiis
2373 873 2470 923 im-

296 949 515 1015 peditus,
546 949 585 996 ΙΙ
615 949 788 998 fratres
817 948 1038 998 idoneos
1078 948 1312 1013 misisset,
1342 950 1549 998 absente
1578 947 1823 1014 episcopo
1850 948 2112 1012 Bibliensi,
2143 948 2308 998 dictus
2335 947 2469 1014 epis-

296 1039 458 1088 copus
497 1021 847 1088 proclamavit,
888 1040 955 1085 se,
996 1023 1092 1071 nisi
1132 1023 1261 1071 dicta
1289 1022 1510 1088 pecunia
1538 1023 1600 1071 ad
1629 1022 1920 1088 proximam
1948 1022 2278 1072 Dominicam
2305 1021 2472 1072 soluta

296 1097 462 1161 fuerit,
493 1112 676 1146 omnes
706 1097 879 1146 fratres
907 1097 1113 1162 Templi
1143 1096 1262 1145 citra
1291 1108 1339 1146 et
1368 1095 1498 1146 ultra
1530 1112 1668 1145 mare
1708 1112 1998 1162 eorumque
2037 1096 2228 1146 amicos
2266 1111 2471 1146 excom—

298 1170 684 1221 municaturum
714 1189 839 1221 esse.
895 1171 1013 1232 Qua
1042 1172 1104 1220 de
1134 1188 1284 1220 causa
1311 1170 1383 1219 illi
1412 1171 1452 1220 II
1483 1171 1656 1220 fratres
1696 1174 1875 1220 Accon
1914 1171 2135 1237 appulsi,
2164 1187 2297 1236 quae
2334 1183 2472 1236 gesta

299 1246 525 1309 fuerunt,
547 1246 790 1310 magistro
811 1258 1159 1309 narraverunt,
1180 1258 1228 1294 et
1246 1245 1343 1309 hie,
1365 1261 1486 1294 cum
1503 1244 1787 1311 patriarcha
1805 1245 2016 1310 negotio
2035 1257 2335 1311 pertractato
2352 1260 2471 1294 cum

296 1320 542 1386 episcopo
560 1320 917 1369 Tiberiadensi
936 1335 1251 1385 componere
1281 1319 1560 1383 constituit,
1590 1319 1864 1385 episcopus
1891 1336 2012 1370 vero
2041 1318 2363 1369 Sidoniensis
2391 1317 2473 1368 die

298 1393 573 1443 Dominica
600 1394 654 1443 in
683 1394 891 1443 ecclesia
932 1393 982 1443 S.
1013 1394 1194 1443 Crucis
1223 1394 1516 1443 Acconensi
1546 1394 1720 1453 fratres
1748 1394 1958 1461 Templi
1991 1392 2470 1444 excommunicavit.

298 1469 470 1533 Itaque
505 1468 837 1518 Innocentius
865 1468 1159 1534 supradicto
1201 1468 1464 1517 Monacho
1506 1468 1763 1534 praecipit,
1804 1481 1875 1533 ut,
1907 1468 2150 1534 inquisita
2178 1466 2474 1532 diligentius

295 1543 518 1607 veritate,
561 1544 623 1591 ab
664 1542 967 1592 executione
1008 1541 1314 1608 pontificalis
1350 1542 1506 1592 officii
1547 1542 1742 1592 dictum
1771 1542 2300 1609 episcopumtamdiu
2329 1540 2476 1592 faciat

297 1633 505 1666 manere
545 1634 876 1683 suspensum,
918 1617 1084 1666 donec
1124 1634 1151 1666 a
1190 1616 1322 1666 Sede
1362 1617 1660 1684 Apostolica
1699 1617 2075 1683 indulgentiam
2119 1628 2476 1682 consequutus
2545 1633 2548 1635 ·

298 1692 448 1741 fuerit
477 1691 678 1754 (Baluze
708 1692 742 1756 I,
781 1708 829 1758 p.
866 1693 1170 1756 508—509,
1201 1692 1301 1741 No.
1336 1708 1467 1756 2573
1512 1692 1691 1756 Migne
1720 1692 1755 1757 I,
1785 1709 1834 1758 p.
1868 1692 2176 1757 816—818,
2205 1691 2306 1742 No.
2340 1706 2472 1756 2573

297 1766 540 1829 Potthast,
571 1766 670 1815 N0.
704 1766 843 1831 905).
873 1760 887 1834 Η
915 1765 1065 1827 Quae
1093 1766 1188 1815 hac
1216 1766 1429 1833 epistola
1458 1779 1742 1831 narrantur,
1781 1766 2036 1817 chronicis
2075 1765 2324 1816 illustrare
2364 1781 2474 1815 non

296 1856 592 1906 possumus.
2359 1836 2476 1888 764

402 1934 550 1984 1199
580 1937 702 1986 Dec.
719 1955 732 1985 1
752 1954 885 2002 5—3
904 1955 944 1987 1.
966 1936 1216 1986 Laterani.
1246 1965 1304 1972 -—
1328 1937 1663 1987 Innocentius
1681 1938 1742 1987 III
1761 1937 1943 2001 (Leoni
1961 1938 2034 2003 II),
2054 1937 2162 2002 regi
2179 1935 2473 2001 Armeniae,

298 2012 523 2074 mandat,
565 2025 621 2061 ut
660 2023 881 2060 castrum
923 2012 1120 2062 Gaston
1145 2012 1176 2075 1)
1218 2012 1455 2061 fratribus
1493 2012 1702 2078 Templi
1742 2012 1986 2077 restituat,
2028 2012 2174 2078 quod
2201 2012 2264 2061 de
2292 2009 2402 2076 jure
2429 2023 2478 2061 et

298 2086 407 2136 sine
436 2085 523 2135 lite
553 2086 902 2152 possederant,
944 2087 1112 2136 donec
1151 2086 1273 2135 inde
1313 2086 1688 2153 expellerentur
1715 2105 1742 2136 a
1771 2086 2052 2153 SaraceniS,
2092 2086 2147 2136 hi
2183 2101 2306 2135 vero
2335 2098 2477 2136 metu

298 2177 481 2226 regum
511 2159 910 2210 christianorum
947 2161 999 2210 in
1027 2161 1243 2210 Terram
1286 2161 1523 2211 Sanctam
1563 2161 1915 2227 profectorum
1955 2162 2309 2211 deseruerunt.
2353 2159 2478 2222 Quo

300 2236 430 2285 facto
460 2235 625 2284 dictus
653 2251 740 2284 rex
768 2235 907 2284 idem
936 2248 1157 2285 castrum
1176 2235 1549 2285 habitatoribus
1566 2252 1790 2286 vacuum
1808 2235 2077 2302 occupavit
2094 2248 2142 2285 et
2159 2250 2478 2301 quamquam

298 2328 325 2359 a
353 2309 596 2374 magistro
614 2310 840 2376 Templi,
871 2309 1068 2360 nuntiis
1098 2309 1408 2376 patriarchae
1436 2323 1484 2359 et
1511 2310 1756 2377 principis
1783 2309 2115 2375 Antiocheni,
2144 2309 2344 2359 comitis
2360 2308 2478 2358 Tri-

299 2384 513 2452 politani
543 2397 591 2434 et
617 2385 1005 2434 communitatis
1033 2384 1389 2434 Antiochenae
1418 2397 1626 2449 rogatus
1665 2386 1879 2435 reddere
1918 2384 2103 2449 noluit,
2142 2383 2328 2434 nuntio
2357 2399 2479 2433 vero

301 2458 540 2509 ecclesiae
582 2459 850 2509 Romanae
891 2459 1179 2526 proposuit,
1223 2472 1446 2509 castrum
1474 2459 1647 2526 ipsum
1677 2459 1907 2525 Milonis,
1937 2459 2207 2526 quondam
2237 2457 2481 2508 avunculi

299 2534 443 2598 sui,2)
464 2533 636 2598 fuisse,
664 2551 823 2600 seque
843 2533 972 2584 illud
991 2535 1054 2583 de
1072 2534 1314 2584 manibus
1336 2534 1737 2584 Sarracenorum
1754 2534 2062 2584 liberavisse.
2092 2533 2266 2599 Itaque
2286 2532 2482 2594 dictum

299 2624 474 2673 regem
501 2621 695 2673 monet,
718 2621 773 2658 ut
797 2608 924 2659 illud
953 2621 1175 2658 castrum
1202 2609 1392 2673 reddat,
1421 2621 1485 2674 et,
1515 2609 1556 2658 si
1584 2608 1812 2675 aliquam
1830 2609 2189 2675 quaestionem
2214 2608 2278 2658 de
2297 2607 2482 2658 eodem

300 2699 594 2750 proponere
622 2683 756 2748 velit,
788 2683 842 2733 in
870 2684 1009 2734 curia
1039 2683 1293 2733 Romania
1330 2684 1434 2732 sive
1462 2699 1553 2750 per
1579 2683 1773 2749 legatos
1802 2682 2131 2750 Apostolicos
2157 2682 2213 2732 in
2241 2680 2481 2749 proximo

300 2757 709 2807 transfretaturos
735 2775 787 2807 se
808 2757 1050 2823 justitiam
1077 2758 1174 2825 ipsi
1201 2758 1551 2808 exhibiturum
1572 2776 1698 2824 esse,
1718 2758 1989 2826 pollicetur
2007 2757 2212 2821 (Baluze
2230 2757 2266 2823 I,
2286 2773 2335 2823 p.
2362 2772 2480 2821 510,

301 2833 402 2882 No,
437 2849 568 2898 259;
602 2833 779 2899 Migne
809 2833 843 2899 I,
874 2850 923 2900 p.
957 2835 1266 2898 819—820‚
1297 2834 1397 2883 No.
1431 2849 1562 2898 2593
1594 2834 1836 2898 Potthast,
1866 2834 1966 2883 No,
1999 2833 2138 2898 929).
2365 2827 2482 2878 765

427 2919 458 2976 ¹)
493 2917 743 2963 Saladinus
779 2932 939 2962 arcem
976 2919 1161 2963 Gaston
1194 2918 1444 2977 (Baghras)
1479 2918 1702 2963 fratribus
1726 2917 1919 2977 Templi
1942 2916 2112 2976 eripuit
2135 2918 2189 2962 26
2212 2916 2342 2975 Sept.
2372 2915 2482 2960 1188

302 2977 568 3034 (Rohricht,
590 2977 733 3023 Beitr.
758 2979 789 3035 I,
813 2993 857 3036 p.
889 2979 1131 3036 161—-162,
1162 2978 1288 3036 187),
1328 2979 1386 3022 de
1410 2977 1507 3023 aliis
1531 2977 1918 3036 possessionibus
1941 2975 2132 3035 Templi
2155 2986 2202 3021 et
2222 2974 2482 3034 Hospitalis

302 3036 467 3095 captis,
501 3037 623 3081 inter
659 3052 776 3096 quas
813 3048 1156 3082 enumerantur
1179 3048 1331 3082 castra
1354 3037 1500 3096 Rupis
1525 3036 1750 3082 Willelmi
1773 3047 1820 3082 et
1841 3037 1985 3095 Rupis
2008 3034 2226 3093 Ruissoli,
2261 3035 2318 3080 cf.
2342 3036 2481 3080 Pott-

301 3098 422 3154 hast,
436 3098 527 3142 No.
545 3113 567 3141 2
575 3112 661 3156 374
677 3111 688 3155 ;
712 3097 1070 3155 Schottmijller,
1093 3099 1190 3142 Der
1203 3098 1483 3155 Untergang
1497 3098 1539 3141 d.
1556 3096 1933 3155 Tempelherren
1945 3097 1963 3140 I
1976 3098 2030 3151 B,
2045 3111 2090 3155 p.
2106 3096 2204 3140 206.
2301 3096 2336 3150 2)
2354 3093 2482 3139 Alias

302 3157 504 3214 Meslier,
538 3156 717 3213 Melier,
751 3159 937 3213 Μελίας,
971 3157 1100 3201 Mleh
1131 3167 1348 3207 vocatus,
1382 3157 1527 3201 frater
1549 3156 1701 3201 Thori
1722 3157 1774 3214 II,
1808 3166 1947 3201 antea
1982 3155 2128 3200 frater
2149 3152 2356 3212 Templi,
2378 3163 2483 3198 tum

302 3231 416 3321 {zero
442 3226 662 3320 apost6ata
685 3217 734 3273 (†
764 3219 908 3275 1175),
944 3217 1001 3261 de
1027 3231 1124 3275 quo
1149 3216 1298 3261 fusius
1323 3216 1476 3276 agitur
1509 3215 1555 3260 in
1589 3217 1666 3260 Du
1691 3216 1871 3275 Cange,
1904 3216 1997 3260 Les
2020 3213 2219 3259 familles
2249 3214 2322 3258 ed.
2346 3214 2398 3258 E.
2426 3214 2480 3257 G.

346 3291 419 3335 ey,
442 3291 486 3334 p.
519 3291 560 3320 11
605 3291 761 3335 —119.

377 3368 797 3434 (S.X11—-X111).
826 3398 900 3405 —
928 3370 1128 3437 Symon
1157 3370 1423 3420 Rossellus
1452 3370 1515 3419 de
1547 3370 1806 3419 Laheores
1845 3367 2070 3418 abbatiae
2110 3367 2174 3416 de
2213 3366 2483 3417 Bonoloco

305 3461 466 3511 prope
496 3445 885 3510 Noviomagum
913 3444 1049 3509 sitae,
1078 3443 1224 3509 cujus
1253 3461 1402 3494 soror
1428 3444 1590 3510 ipsius
1617 3443 1721 3493 filia
1749 3443 1873 3492 facta
1893 3442 2072 3506 fuerat,
2093 3441 2349 3507 quosdam
2366 3440 2483 3490 red-

305 3520 441 3569 ditus
468 3532 627 3569 terrae
657 3536 778 3569 suae
808 3520 870 3568 de
900 3518 1203 3569 Germeines
1243 3518 1479 3568 concedit
1517 3534 1720 3583 suoque
1750 3530 1797 3567 et
1824 3515 2194 3583 archiepiscopi
2232 3513 2484 3565 Nazareni

306 3610 513 3643 necnon
534 3593 761 3660 episcopi
781 3594 1099 3643 Acconensis
1127 3593 1303 3657 sigillis
1322 3593 1607 3643 confirmat.
1639 3593 1688 3642 S.
1709 3592 1741 3641 1.
1764 3604 1811 3641 et
1828 3608 1871 3641 a.
1903 3590 2073 3655 (Paris,
2093 3590 2247 3640 Arch.
2268 3589 2481 3654 nation.,

306 3668 355 3717 S.
386 3684 548 3733 4411,
579 3669 679 3718 No,
721 3669 815 3732 10).
2367 3660 2483 3710 766

380 3764 438 3827 (s.
467 3762 795 3828 XII—XIII).
814 3764 1155 3828 —Edictum,
1176 3780 1283 3829 quo
1302 3763 1509 3813 Archali
1538 3762 1808 3813 Merchino
1831 3761 1864 3825 1)
1893 3760 2119 3825 mandat,
2151 3771 2206 3809 ut
2231 3758 2400 3809 Pisani
2428 3758 2483 3808 in

306 3853 435 3888 terra
456 3832 675 3905 Aegypti
705 3839 965 3888 constituti
995 3855 1113 3887 cum
1135 3838 1359 3887 fundaco
1378 3836 1716 3887 Alexandriae
1746 3847 2038 3900 restauratO,
2066 3834 2217 3884 bonis
2245 3849 2301 3883 ac
2329 3831 2483 3902 privi-

432 3973 464 4025 1)
498 3970 775 4015 Praefectus
799 3957 1143 4014 Alexandriae?
