2684 4244
329 162 427 212 312
1260 136 1554 194 Regesta

328 351 438 385 uno
467 336 618 384 latere
648 335 837 383 domus
866 333 1121 398 quaedam
1149 349 1270 383 cum
1298 333 1360 382 ΙΙΙ
1387 333 1577 398 stadiis,
1607 333 1671 397 (2)
1701 332 2027 399 jardinetum,
2056 333 2140 384 cui
2167 335 2442 386 cohaerent
2468 353 2496 385 a

321 409 670 475 septentrione
700 409 888 457 domus
917 408 1187 472 quondam
1212 408 1453 457 Thomae
1493 408 1797 472 Parcanuae,
1838 410 1899 457 ab
1928 407 2195 458 occidente
2223 410 2494 476 quondam

323 484 591 533 Citodarae
621 495 668 531 et
695 481 977 530 Raimundi
1007 482 1070 531 de
1098 482 1260 545 Nicia,
1290 500 1316 531 a
1344 481 1557 531 meridie
1587 482 1777 532 domus
1805 482 2115 546 communis,
2147 484 2210 532 ab
2229 484 2493 534 occidente

321 557 493 607 Jacobi
523 556 703 620 Mussi,
736 556 801 621 (3)
830 556 876 606 V
904 556 1090 605 domos
1118 569 1166 605 et
1192 555 1443 620 gastinam
1462 572 1581 605 cum
1602 556 1724 623 ipsis
1743 557 1986 606 domibus
2005 568 2284 622 tenentem,
2304 557 2494 624 quibus

321 631 595 680 cohaerent
614 631 803 680 domus
832 629 1020 679 scilicet
1046 631 1107 679 ab
1134 630 1398 680 occidente
1419 631 1687 695 quondam
1708 630 2010 692 Setedariae,
2040 647 2067 679 a
2094 631 2305 682 meridie
2323 648 2494 698 quon-

321 706 438 755 dam
457 704 680 768 Tarsiae,
709 722 736 753 a
764 704 1112 770 septentrione
1141 703 1401 769 jardinum
1420 705 1687 769 quondam
1707 704 1956 754 Johannis
1973 704 2177 768 Veneti,
2205 706 2267 754 ab
2296 705 2493 757 oriente

323 780 511 828 domus
541 778 808 844 quondam
839 777 1123 828 Guillielmi
1153 779 1317 828 Mussi
1346 791 1393 828 et
1421 779 1688 842 Gonellae,
1719 778 1785 843 (4)
1814 790 1950 828 retro
1977 778 2170 828 lobiam
2198 779 2494 831 communis

325 853 387 904 VI
423 854 626 916 domOS,
667 853 857 918 quibus
899 853 1136 902 cohaeret
1174 854 1235 902 ab
1276 853 1538 902 occidente
1583 853 1771 902 domus
1814 853 2080 918 quondam
2119 853 2345 918 Tarsiae,
2384 871 2412 904 a
2452 854 2493 904 II

320 927 546 993 partibus
580 927 659 976 via
699 927 904 993 publica
933 938 981 976 et
1008 928 1068 976 ab
1109 927 1208 976 alio
1247 926 1398 976 latere
1438 927 1517 976 via
1557 927 1764 992 privata,
1807 926 1872 992 (5)
1902 939 2036 976 retro
2077 927 2262 977 dictam
2298 927 2494 978 lobiam

319 1002 382 1051 III
401 1002 604 1065 domOS,
626 1001 816 1067 quibus
835 1001 1073 1051 cohaeret
1100 1002 1160 1050 ab
1180 1001 1443 1050 occidente
1463 1002 1652 1051 domus
1671 1000 2061 1067 archiepiscopi,
2090 1018 2117 1050 a
2145 1001 2494 1068 septentrione

320 1087 368 1125 et
395 1075 608 1125 meridie
646 1075 725 1124 via
763 1075 968 1141 publica
997 1087 1045 1124 et
1072 1077 1132 1124 ab
1173 1075 1272 1125 alio
1313 1074 1465 1135 latere
1503 1075 1641 1124 lobia
1681 1075 1995 1140 communiS,
2037 1075 2103 1137 (6)
2132 1074 2269 1140 juxta
2308 1075 2494 1127 dictam

318 1150 510 1200 lobiam
540 1150 778 1214 domum,
808 1150 891 1199 cui
921 1149 1158 1198 cohaeret
1184 1150 1318 1199 volta
1347 1167 1374 1199 a
1402 1150 1440 1198 II
1467 1150 1724 1213 lateribuS,
1767 1167 1793 1198 a
1821 1149 2034 1199 meridie
2064 1161 2111 1199 et
2137 1151 2199 1199 ab
2228 1149 2494 1201 occidente

320 1225 509 1274 domus
537 1224 710 1273 Jacobi
740 1224 920 1288 Mussi,
962 1223 1028 1286 (7)
1058 1224 1278 1273 domum
1307 1224 1494 1290 palatio
1523 1224 1820 1274 communis
1856 1224 2093 1288 vicinam,
2135 1224 2218 1274 cui
2257 1224 2495 1275 cohaeret

319 1301 380 1348 ab
410 1299 675 1348 occidente
715 1298 961 1364 palatium
1001 1298 1315 1360 communis,
1356 1300 1418 1347 ab
1458 1298 1557 1348 alio
1595 1297 1748 1348 latere
1789 1299 1978 1348 domus
2018 1297 2407 1365 archiepiscopi,
2446 1310 2496 1349 et

320 1385 465 1422 antea
495 1385 542 1422 et
569 1390 595 1421 a
622 1373 777 1422 latere
804 1372 883 1421 via
913 1371 1132 1438 publica,
1175 1371 1240 1436 (8)
1271 1371 1512 1438 palatium
1546 1372 1840 1422 communis
1869 1389 1987 1422 cum
2018 1389 2239 1422 massera
2267 1385 2315 1422 et
2340 1372 2492 1438 volta,

321 1463 453 1512 quae
482 1459 603 1496 sunt
630 1460 764 1496 retro
794 1447 983 1512 ipsum,
1025 1446 1108 1496 cui
1137 1447 1413 1496 cohaerent
1439 1449 1500 1496 ab
1530 1447 1726 1496 oriente
1755 1448 1944 1497 domus
1971 1446 2197 1513 Templi,
2226 1464 2254 1496 a
2281 1447 2493 1497 meridie

321 1522 590 1587 quondam
619 1520 831 1570 Henrici
860 1521 922 1570 de
951 1521 1109 1570 Torta
1139 1533 1186 1570 et
1213 1520 1435 1587 Philippi
1466 1521 1698 1586 Camelli,
1728 1522 1788 1570 ab
1818 1521 2083 1571 occidente
2112 1522 2301 1572 domus
2330 1521 2494 1571 archi-

320 1595 563 1662 episcopi,
607 1597 669 1644 ab
713 1595 908 1644 oriente
949 1595 1138 1644 domus
1182 1595 1477 1645 communis
1517 1608 1564 1644 et
1602 1608 1750 1644 antea
1786 1595 1866 1644 via
1904 1595 2126 1662 publica,
2171 1594 2236 1660 (9)
2276 1596 2492 1662 plateam

318 1670 485 1720 lobiae
514 1669 810 1719 communis
839 1685 955 1718 cum
986 1668 1238 1733 aedificiO,
1259 1670 1402 1734 quod
1431 1668 1683 1719 aedificari
1712 1669 1978 1736 inceptum
2005 1669 2157 1719 habet
2184 1687 2210 1719 a
2238 1670 2301 1720 III
2327 1669 2495 1720 lateri·
2543 1672 2546 1674 ’

319 1746 415 1794 bus
443 1743 577 1792 viam
611 1743 872 1809 publicam
912 1756 961 1792 et
998 1755 1134 1792 retro
1175 1744 1396 1793 domum
1436 1744 1750 1808 communiS,
1792 1743 1893 1808 (10)
1923 1744 2187 1809 quandam
2224 1744 2491 1810 gastinam,

316 1818 406 1868 ubi
435 1818 560 1868 olim
591 1818 686 1867 fuit
725 1818 911 1868 furnus
951 1818 1266 1883 communiS,
1308 1818 1390 1867 cui
1431 1818 1668 1868 cohaeret
1695 1836 1721 1867 a
1750 1818 1812 1868 III
1840 1817 2069 1885 partibus
2096 1818 2192 1883 via,
2232 1836 2260 1868 a
2287 1830 2493 1886 septen-

317 1893 481 1943 trione
502 1894 691 1942 domus
710 1893 981 1958 quondam
998 1892 1494 1962 BaldoinitArminii,
1526 1891 1566 1955 (1
1589 1892 1628 1956 1)
1647 1893 1884 1958 domum,
1914 1892 1996 1942 cui
2025 1893 2087 1942 de
2106 1893 2330 1959 quadam
2355 1892 2494 1943 Rosa

317 1980 479 2017 emtae
510 1967 746 2017 cohaeret
773 1980 908 2017 retro
938 1967 1183 2033 palatium
1213 1968 1526 2031 communiS,
1557 1970 1618 2017 ab
1647 1984 1757 2017 uno
1783 1968 1936 2017 latere
1965 1967 2155 2018 domus
2184 1967 2495 2033 communiS‚

316 2054 465 2091 antea
482 2042 560 2090 via
588 2041 794 2108 publica
824 2054 872 2091 et
900 2042 960 2090 ab
990 2041 1090 2091 alio
1117 2042 1270 2091 latere
1300 2042 1489 2092 domus
1508 2042 1719 2107 Georgii
1748 2043 1810 2091 de
1830 2041 2126 2108 Capellana,
2157 2041 2259 2106 (12)
2288 2042 2342 2092 in
2368 2057 2495 2107 ruga

316 2116 693 2166 aurifabrorum
712 2116 753 2165 ΙΙ
773 2116 968 2179 balnea,
989 2116 1180 2181 quibus
1199 2117 1437 2166 cohaeret
1456 2118 1517 2165 ab
1537 2117 1733 2166 oriente
1753 2117 1941 2166 domus
1960 2116 2229 2182 quondam
2245 2115 2496 2166 =Iohannis

315 2190 570 2254 aurifabri,
601 2190 703 2256 (13)
722 2191 921 2240 tertiam
950 2203 1143 2256 partem
1174 2190 1414 2240 introitus
1442 2203 1646 2240 catenae
1664 2191 1930 2258 TyrensiS,
1962 2190 2065 2256 (14)
2085 2190 2303 2241 domum
2323 2205 2495 2257 quon-

317 2266 434 2315 dam
464 2265 597 2315 Petri
625 2265 966 2330 Pennesinpe,
1003 2264 1086 2314 cui
1115 2265 1392 2314 cohaerent
1419 2282 1446 2314 a
1473 2266 1512 2314 ΙΙ
1540 2265 1770 2331 partibus
1799 2265 1988 2315 domus
2016 2264 2403 2332 archiepiscopi,
2433 2266 2494 2314 ab

316 2340 409 2389 alia
439 2341 628 2390 domus
657 2339 918 2389 Ramondi
950 2339 1162 2389 Soldani
1191 2352 1239 2389 et
1264 2339 1491 2406 Templi,
1534 2357 1560 2389 a
1588 2339 1801 2389 meridie
1841 2340 2031 2389 domus
2058 2339 2392 2406 Judaeorum,
2432 2340 2495 2389 ab

316 2414 581 2463 occidente
622 2415 892 2479 quondam
933 2413 1179 2480 Symonis
1207 2426 1256 2463 et
1291 2431 1318 2463 a
1346 2414 1698 2480 septentrione
1736 2414 1817 2464 via
1858 2413 2076 2480 publica,
2118 2412 2221 2479 (15)
2251 2429 2495 2480 campum

314 2502 474 2538 terrae
512 2487 565 2538 10
594 2489 793 2538 Aracha
833 2500 1090 2552 vocatum,
1131 2487 1221 2537 ubi
1262 2500 1336 2538 est
1377 2505 1599 2538 massera
1640 2488 1954 2553 communiS,
1997 2486 2134 2553 juxta
2174 2488 2496 2538 conductum

315 2580 478 2629 aquae
517 2579 694 2612 versus
736 2563 1006 2626 orientem,
1048 2563 1402 2612 continentem
1439 2579 1606 2629 usque
1634 2564 1695 2612 ad
1726 2579 1971 2628 magnam
1998 2562 2175 2629 pillam
2203 2563 2496 2613 conductus

314 2638 489 2702 magni
519 2649 567 2686 et
595 2638 958 2687 cohaerentem
986 2649 1146 2686 terrae
1172 2638 1512 2702 Venetorum,
1543 2637 1674 2686 infra
1703 2654 1830 2703 quas
1856 2637 2206 2687 cohaerentias
2234 2649 2309 2686 est
2335 2637 2496 2687 fossa-

314 2725 425 2762 tum
467 2712 518 2762 in
550 2711 724 2762 medio
764 2728 940 2761 versus
980 2711 1302 2761 occidentem
1342 2728 1509 2777 usque
1538 2711 1592 2761 in
1620 2728 1776 2776 mare,
1807 2724 1853 2761 et
1880 2729 1907 2761 a
1934 2710 2149 2761 meridie
2187 2711 2495 2762 molendino

317 2788 641 2837 Venetorum
669 2799 717 2836 et
744 2798 902 2835 terrae
922 2786 1309 2852 archiepiscopi,
1331 2803 1462 2852 quae
1481 2799 1692 2836 vocatur
1707 2787 2001 2853 Tyronum,
2030 2785 2133 2849 (16)
2153 2786 2282 2835 circa
2300 2785 2496 2836 dictum

314 2862 593 2927 Tyronum
612 2861 874 2926 quandam
894 2861 1084 2927 petiam
1101 2873 1261 2910 terrae
1280 2861 1504 2927 planam,
1525 2877 1657 2927 quae
1677 2861 2002 2927 protenditur
2019 2876 2186 2926 usque
2203 2860 2267 2909 ad
2291 2858 2496 2910 molen-

316 2936 501 2985 dinum
530 2935 826 2985 communis
845 2934 982 3000 juxta
999 2948 1186 2984 terram
1204 2935 1377 2985 Jacobi
1396 2936 1590 3002 Cayme
1610 2934 1758 2998 (infra
1774 2951 1896 2984 vero
1916 2951 2159 3000 campum
2179 2934 2495 2984 antedictum

315 3011 377 3059 de
419 3010 471 3059 10
514 3010 689 3059 Racha
729 3023 803 3059 est
842 3026 975 3075 aqua
1015 3010 1067 3058 in
1106 3010 1169 3059 III
1197 3009 1424 3076 partibus
1463 3011 1657 3074 labenS,
1700 3026 1832 3076 quae
1872 3008 2158 3073 communi,
2199 3007 2435 3074 quamvis
2468 3026 2496 3058 a

316 3084 541 3134 dominis
592 3084 917 3150 impeciatur,
974 3084 1180 3150 propria
1233 3085 1346 3149 est),
1401 3083 1503 3148 (17)
1548 3084 1734 3151 petiam
1777 3084 1838 3134 de
1882 3096 2027 3148 terra,
2073 3099 2205 3149 quae
2247 3096 2322 3132 est
2363 3082 2496 3132 infra

313 3158 680 3209 molendinum
721 3159 1016 3209 communis
1054 3159 1248 3208 Januae
1278 3172 1325 3208 et
1352 3159 1676 3209 Venetorum
1705 3171 1752 3209 et
1779 3157 2018 3224 superius
2057 3157 2296 3207 cohaeret
2333 3169 2493 3212 terrae

313 3234 516 3302 Tyroni
559 3246 607 3283 et
649 3233 863 3283 inferius
906 3233 1016 3283 viae
1063 3233 1315 3300 publicae,
1361 3232 1464 3298 (18)
1494 3233 1859 3284 molendinum
1904 3231 2201 3282 communis
2244 3243 2293 3281 et
2334 3231 2494 3281 casale

316 3310 365 3359 S.
404 3308 615 3373 Georgii
659 3325 777 3358 cum
822 3308 1157 3374 pertinentiiS,
1203 3308 1285 3358 cui
1330 3308 1607 3358 cohaerent
1650 3308 1808 3357 casale
1853 3306 2047 3357 Nobles
2090 3323 2118 3356 a
2158 3305 2373 3356 meridie
2416 3305 2496 3355 via

314 3383 588 3447 mediante,
632 3384 693 3432 ab
733 3382 930 3432 oriente
970 3395 1249 3433 montanea
1287 3382 1459 3433 Jacobi
1504 3383 1718 3449 Cayme,
1760 3398 1892 3447 quae
1936 3380 2120 3430 dicitur
2162 3380 2423 3446 Farachia,
2467 3397 2494 3429 a

315 3457 664 3524 septentrione
709 3456 941 3522 ejusdem
985 3470 1261 3507 montanea
1307 3457 1580 3507 continens
1625 3472 1746 3506 cum
1789 3456 1920 3505 dicta
1963 3466 2242 3505 montanea
2279 3454 2391 3519 alia,
2431 3455 2495 3504 ab

317 3532 582 3581 occidente
609 3543 739 3580 terra
769 3531 959 3593 casalis,
980 3547 1113 3596 quae
1143 3531 1329 3581 dicitur
1357 3531 1590 3595 Sechilia,
1609 3547 1776 3596 usque
1805 3530 1868 3579 ad
1898 3530 2093 3579 dictum
2112 3528 2288 3593 casale,
2309 3527 2494 3596 partim

316 3618 445 3655 terra
474 3606 784 3670 communiS,
825 3605 928 3670 (19)
958 3607 1219 3671 quandam
1248 3619 1433 3655 terram
1464 3606 1671 3672 planam
1706 3605 1922 3654 Maxuca
1963 3603 2166 3668 dictam,
2197 3619 2330 3669 quae
2369 3602 2495 3652 olim

317 3679 576 3745 jardinum
615 3681 767 3729 habet
805 3681 866 3729 ab
907 3680 1102 3729 oriente
1142 3681 1479 3745 conductum,
1520 3697 1546 3729 a
1575 3678 1924 3746 septentrione
1951 3677 2086 3727 viam
2114 3676 2390 3744 publicam,
2432 3677 2494 3726 ab

317 3755 582 3805 occidente
626 3770 904 3803 massaram
948 3754 1099 3819 regiS,
1143 3771 1170 3803 a
1213 3754 1427 3804 meridie
1471 3754 1806 3818 conductum,
1852 3751 1954 3816 (20)
1991 3751 2250 3817 jardinum
2290 3762 2495 3800 vastum

316 3828 689 3894 circumdatum
732 3844 885 3878 muro
924 3841 1094 3894 ruptO,
1137 3828 1219 3878 cui
1261 3828 1536 3878 cohaerent
1574 3829 1635 3877 ab
1676 3827 1872 3878 oriente
1901 3838 1950 3876 et
1977 3825 2327 3892 septentrione
2364 3837 2494 3874 terra

316 3903 447 3969 regis
489 3916 536 3954 et
581 3903 630 3953 S.
663 3902 852 3952 Mariae
896 3904 1287 3968 monacharum,
1329 3904 1390 3951 ab
1430 3902 1694 3952 occidente
1734 3901 1815 3951 via
1853 3901 2121 3969 Sydonem
2159 3900 2392 3952 tendens,
2420 3926 2494 3935 —·-
