2684 4244
961 137 1094 194 regni
1116 134 1552 195 Hierosolymitani.
2297 146 2346 189 71

264 306 409 356 1245
440 308 584 356 Febr.
620 324 662 372 3.
693 307 950 370 Lugduni.
980 333 1047 340 -—-
1077 304 1404 353 Innocentius
1421 303 1487 351 IV
1516 303 1760 351 omnibus
1788 300 2196 366 archiepiscopiS,
2225 298 2355 365 epis-

184 382 326 450 copis
353 394 443 431 etc.
472 382 693 438 mandat,
722 394 776 430 ut
805 380 1101 429 collectores
1144 378 1384 427 ecclesiae
1410 376 1813 426 Bethlemitanae
1856 377 2072 441 benigne
2100 373 2355 439 recipiant,

182 472 347 523 quum
377 455 508 504 dicta
538 455 746 504 ecclesia
775 471 864 521 per
893 455 1064 503 hostes
1093 452 1281 502 Christi
1295 453 1327 515 1)
1373 467 1482 500 non
1510 450 1768 499 modicam
1796 448 2154 515 temporalium
2184 463 2356 496 rerum

181 530 461 581 laesionem
488 529 756 578 incurrerit
785 542 830 577 et
858 544 950 594 pro
980 527 1269 592 receptione
1298 541 1601 592 pauperum,
1640 526 1955 574 advenarum
1984 537 2031 572 et
2058 521 2356 589 peregrino-

182 619 298 654 rum
317 602 564 653 auxilium
581 603 852 669 implorare
867 603 1047 651 debeat
1065 601 1302 650 omnium
1322 600 1716 649 christianorum
1733 600 1948 662 (Berger,
1963 598 2086 661 Reg.
2101 597 2198 645 No.
2217 595 2355 660 980).

182 674 196 746 Η
222 678 360 728 Idem
389 694 519 744 papa
547 678 634 741 (17
655 678 770 727 Jun.
799 676 954 741 1248)
975 674 1384 740 archiepiscopis,
1413 674 1679 739 episcopis,
1707 673 1970 722 abbatibus
1998 688 2087 736 per
2114 670 2356 734 Angliam

185 751 469 802 constitutis
496 752 720 814 mandat,
749 764 803 800 ut
831 750 1089 811 omnibus,
1115 749 1204 814 qui
1241 748 1478 797 ecclesiae
1508 747 1935 796 Bethleemitanae
1977 749 2037 794 ab
2066 743 2357 794 infidelibus

185 827 482 887 destructae,
510 826 599 875 sed
628 824 913 875 honorifice
942 822 1299 873 restaurandae
1329 837 1542 871 manum
1564 820 1860 882 adjutricem
1879 820 2156 885 porrigant,
2184 817 2358 866 indul-

182 900 409 966 gentiam
426 900 582 950 unius
599 899 720 949 anni
740 912 787 948 et
803 899 894 948 XL
913 899 1114 947 dierum
1135 897 1419 945 concedant
1440 895 1576 956 (ibid.
1596 895 1696 944 No.
1718 895 1877 958 4044)
1897 906 1944 942 et
1962 893 2050 957 (24
2067 894 2175 941 Jan.
2204 910 2217 940 1
2236 891 2355 955 248)

181 974 338 1042 priori
366 973 416 1024 S.
446 973 708 1023 Trinitatis
736 971 1115 1022 Londoniensis
1159 971 1380 1031 mandat,
1422 982 1479 1018 ut
1508 969 1764 1034 quosdam
1794 967 2089 1016 collectores
2117 966 2357 1014 ecclesiae

182 1049 597 1110 Bethlemitanae,
641 1047 731 1113 qui
786 1047 1019 1096 collectas
1074 1044 1286 1094 nomine
1331 1043 1563 1106 ejusdem
1606 1042 1957 1107 eleemosynas
2001 1041 2231 1099 retinent,
2294 1039 2358 1087 ad

183 1123 556 1172 restitutionem
585 1121 857 1188 compellat
885 1121 1020 1183 (ibid.
1051 1120 1151 1169 No.
1181 1118 1359 1184 4043).
2189 1111 2359 1160 11308

341 1207 371 1264 ¹)
397 1208 467 1251 De
491 1205 876 1260 Chowaresrniis,
900 1205 978 1264 qui
1003 1206 1173 1249 urbem
1197 1201 1600 1260 Hierosolymam,
1640 1200 1921 1245 Bethlehem
1945 1211 1991 1243 et
2014 1209 2160 1242 terras
2187 1198 2358 1242 vicinas

183 1265 310 1311 ferro
335 1277 381 1310 et
402 1265 498 1324 igni
520 1275 826 1309 vastaverunt
848 1275 1026 1309 aestate
1050 1263 1160 1307 anni
1189 1276 1313 1320 1244,
1337 1261 1394 1306 cf.
1419 1264 1515 1306 RK.
1539 1276 1582 1319 p.
1607 1260 1866 1317 864-8663
1902 1258 2054 1315 Riant,
2077 1258 2257 1302 Etudes
2282 1271 2361 1300 sur

181 1324 407 1370 l'histoire
432 1326 491 1369 de
513 1323 689 1382 l'e'glise
714 1326 772 1369 de
796 1322 1042 1368 Bethleem
1066 1324 1098 1379 I,
1121 1337 1166 1381 p.
1191 1337 1332 1381 34—-3
1339 1336 1378 1379 5.

331 1459 358 1483 ,‚
435 1418 598 1485 Aprili
630 1436 675 1484 3.
706 1423 897 1468 Accon.
941 1447 1011 1453 —
1055 1419 1245 1469 Charta
1289 1417 1536 1467 Johannis
1582 1429 1628 1465 et
1671 1414 1913 1481 Symonis
1958 1414 2019 1462 de
2048 1411 2264 1461 Treucis
2307 1410 2360 1458 in

183 1494 247 1544 D.
277 1494 412 1544 Cart.
439 1493 497 1558 II,
526 1510 575 1560 p.
608 1493 913 1557 627—628,
941 1494 1040 1543 No.
1074 1510 1230 1559 2353.
2215 1483 2359 1531 1135

331 1629 359 1653 ,,
436 1588 571 1655 Sept.
609 1607 685 1639 11.
712 1590 917 1641 Januae.
945 1618 1017 1624 ——
1045 1590 1285 1655 Magister
1314 1589 1580 1655 Philippus
1610 1588 1822 1637 nomine
1865 1584 2123 1648 (Henrici),
2167 1583 2360 1632 archie-

182 1663 380 1732 piscopi
408 1664 674 1723 Nazareni,
703 1678 750 1713 et
777 1661 1043 1730 (Roberti),
1071 1664 1383 1730 patriarchae
1411 1660 1885 1728 Hierosolymitani,
1917 1675 2090 1709 coram
2120 1657 2361 1719 Radulfo,

183 1738 435 1789 canonico
451 1738 644 1788 Montis
672 1737 797 1787 Sion
817 1738 1291 1805 Hierosolymitani,
1325 1739 1551 1788 chartam
1568 1736 1817 1787 Johannis
1846 1735 1908 1784 de
1938 1733 2177 1783 Floriano
2207 1749 2360 1797 quas-

185 1813 302 1862 dam
331 1812 571 1877 reliquias
599 1812 897 1861 attinentem
915 1815 1214 1862 corroborat
1233 1813 1454 1875 (Ferreto
1472 1812 1524 1860 in
1544 1811 1789 1862 Giornale
1808 1809 1989 1859 storica
2008 1807 2138 1856 della
2156 1806 2363 1870 Liguria

194 1903 345 1952 1900,
372 1886 405 1950 I,
434 1903 480 1954 p.
514 1887 633 1952 362,
661 1887 814 1948 Not.).
2194 1878 2364 1928 1136ἓῑ

266 1989 414 2039 1246
443 1989 628 2054 (1245)
659 1992 804 2040 Mart.
858 2021 929 2026 —
982 1991 1311 2056 privilegium
1364 1990 1656 2057 Haythonis
1699 1989 1730 2051 l,
1782 1989 1913 2056 regis
1966 1988 2255 2048 Armeniae,
2309 1987 2363 2035 in

185 2061 479 2116 L’Armeno
508 2066 722 2125 Venet0,
752 2066 973 2116 Venezia
1012 2067 1164 2131 1893,
1195 2067 1317 2115 Doc.
1346 2067 1444 2115 No,
1477 2083 1521 2131 3.
2221 2060 2357 2108 1141

334 2203 362 2225 ,,
440 2163 580 2226 Majo
612 2181 693 2229 25.
740 2192 803 2200 -
865 2164 1090 2230 Epistola
1133 2164 1330 2214 soldani
1375 2162 1594 2229 Aegypti
1635 2162 1689 2212 in
1735 2163 1875 2212 Mon.
1921 2160 2093 2211 Germ.
2140 2160 2267 2226 Epp.
2310 2159 2364 2219 ΙΙ,

169 2238 288 2289 ·N0.
329 2254 453 2305 123:
489 2255 514 2304 3
545 2239 659 2288 Jun.
697 2254 859 2303 12453
891 2239 951 2288 cf.
982 2239 1157 2288 BFW.
1185 2240 1283 2288 No.
1325 2254 1512 2302 ¹1452·
2220 2231 2364 2281 1142

333 2383 361 2403 ,,
438 2343 574 2405 (Post
601 2343 737 2409 Sept.
778 2344 832 2402 1).
862 2371 933 2377 —
963 2343 1150 2393 Charta
1167 2342 1451 2400 Guillelmi,
1479 2340 1844 2407 archiepiscopi
1862 2338 2194 2398 Mamistrani,
2222 2338 2273 2387 in
2302 2338 2363 2386 D.

186 2418 321 2468 Cart.
349 2417 403 2477 II,
431 2435 479 2484 p.
511 2419 632 2483 637,
660 2418 759 2467 No.
794 2418 949 2483 2388.

267 2519 412 2571 1247
442 2526 575 2585 Aug.
608 2538 689 2587 30.
741 2548 812 2555 —
867 2522 1267 2582 Documentum,
1323 2521 1375 2569 in
1419 2536 1526 2585 quo
1581 2519 1728 2568 frater
1781 2518 2059 2585 Hospitalis
2111 2517 2365 2566 Arnaldus

193 2597 503 2660 »d'Arene«,
532 2596 673 2663 prior
700 2595 935 2644 ecclesiae
966 2594 1151 2643 castelli
1181 2595 1448 2655 Cratensis,
1464 2595 1494 2658 1)
1525 2611 1638 2643 vasa
1667 2610 1804 2643 sacra
1834 2607 1880 2642 et
1909 2605 2211 2641 ornamenta
2231 2590 2363 2654 ejus-

189 2671 306 2720 dem
360 2671 599 2720 ecclesiae
652 2682 699 2719 et
752 2669 801 2719 S.
859 2669 1049 2718 Mariae
1104 2669 1165 2717 de
1218 2669 1393 2733 Burgo
1438 2681 1704 2718 enumerat
1757 2668 1837 2730 (D.
1881 2668 2011 2718 Cart.
2056 2667 2109 2727 ll,
2149 2684 2196 2732 p.
2244 2667 2364 2728 662,

187 2745 288 2795 No,
322 2746 489 2810 24563
520 2744 712 2794 Invent.
742 2761 788 2810 p.
819 2744 903 2806 87,
933 2743 1031 2802 No.
1068 2744 1204 2806 267).
2199 2739 2365 2788 1151a

343 2832 372 2881 ι)
395 2829 467 2873 De
491 2828 634 2873 fratre
656 2830 866 2873 Arnaldo
890 2838 936 2872 et
958 2842 1099 2885 supra
1126 2827 1247 2871 dicta
1274 2827 1470 2871 ecclesia
1494 2826 1631 2870 silent
1655 2827 1845 2870 chartae
1869 2837 1915 2870 et
1938 2826 2176 2871 chronica.

337 2964 364 2986 „
441 2923 626 2974 Octob.
662 2941 704 2989 5.
732 2923 990 2988 Lugduni.
1029 2950 1100 2956 -—
1127 2922 1458 2972 Innocentius
1486 2922 1552 2971 IV
1581 2923 1679 2985 (N),
1718 2921 2104 2988 archiepiscopo
2133 2922 2365 2988 Tyrensi,

190 2998 371 3059 scribit,
406 3015 458 3048 se
497 2999 767 3064 quondam
807 2997 1117 3063 patriarchae
1157 2996 1678 3063 Hierosolymitan01)
1710 2996 2044 3054 mandavisse,
2084 3009 2139 3045 ut
2168 2995 2365 3058 (Godo-

191 3071 366 3135 fredo),
394 3073 639 3140 episcopo
679 3071 1049 3131 Tiberiadensi,
1093 3069 1238 3134 cujus
1278 3071 1487 3122 ecclesia
1526 3071 1795 3138 tyrannide
1836 3071 2210 3120 Saracenorum
2240 3082 2366 3119 esset

190 3146 430 3210 desolata,
460 3147 513 3197 in
541 3147 711 3213 aliqua
740 3146 949 3196 ecclesia
970 3146 1333 3210 patriarchatus
1352 3146 1428 3195 sui
1449 3145 1722 3194 cathedrali
1742 3145 2044 3210 provideret,
2076 3158 2122 3193 et
2141 3146 2365 3194 eundem

192 3221 325 3271 dicto
354 3221 596 3287 episcopo
640 3238 729 3288 per
771 3221 905 3269 vices
949 3237 1066 3269 suas
1109 3234 1370 3284 gerentem
1418 3221 1719 3286 episcopum
1748 3220 2056 3269 Liddensem
2103 3219 2365 3268 ecclesiam

192 3294 565 3362 Sydoniensem
610 3296 939 3352 commisisse,
983 3293 1137 3357 hujus
1181 3310 1300 3343 vero
1345 3294 1583 3344 ecclesiae
1628 3294 1906 3360 capitulum
1940 3295 2158 3349 Petrum,
2202 3294 2364 3341 archi-

192 3369 471 3419 diaconum
500 3387 672 3429 suum,
700 3369 939 3435 elegisse,
983 3369 1154 3434 itaque
1194 3369 1325 3418 hanc
1353 3369 1653 3418 electionem
1684 3369 1810 3418 Petri
1853 3368 2119 3417 confirmat
2147 3368 2366 3432 (Berger,

191 3443 405 3510 Registr.
434 3445 532 3494 No.
565 3446 737 3510 3286).
2197 3438 2366 3488 1151b

346 3527 376 3580 ¹)
400 3528 626 3579 Roberto,
665 3526 738 3571 cui
772 3526 1075 3571 Innocentius
1110 3526 1184 3570 IV.
1223 3542 1252 3584 4
1276 3528 1398 3584 Aug.
1431 3542 1535 3585 ¹243
1578 3526 1829 3585 epistolam
1868 3541 2008 3583 supra
2050 3537 2366 3569 memoiatam

193 3585 441 3645 scripserat
472 3587 666 3644 (Berger
688 3587 779 3630 No.
801 3601 884 3643 493
910 3585 967 3630 cf.
992 3586 1175 3629 ZDPV.
1200 3586 1256 3637 X,
1280 3601 1321 3644 p.
1350 3590 1440 3645 30).
1486 3587 1533 3629 In
1559 3586 1807 3635 Blancard,
1844 3587 2046 3629 Docum.
2085 3585 2251 3628 inedits
2288 3601 2367 3628 sur

192 3646 234 3690 le
259 3660 529 3690 commerce
555 3647 612 3689 de
636 3646 868 3690 Marseille
894 3646 925 3699 Ι,
950 3660 993 3703 p.
1020 3647 1120 3703 265,
1143 3646 1227 3690 No.
1261 3662 1270 3690 1
1292 3661 1301 3688 1
1332 3646 1383 3690 P.
1421 3647 1597 3690 electus
1638 3645 1890 3703 episcopus
1915 3644 2209 3688 Sidouiensis
2234 3658 2365 3688 inor-

193 3714 301 3749 tuus
326 3715 620 3749 memoratur
642 3721 682 3749 a.
714 3705 837 3762 1248.

273 3796 284 3858 (
361 3835 388 3860 „
467 3797 497 3859 ),
523 3824 594 3832 —
625 3797 847 3863 Epistola
876 3799 1053 3847 Raban
1084 3802 1210 3847 Atae
1239 3811 1467 3864 excerpta
1498 3811 1570 3848 est
1600 3798 1650 3846 in
1671 3798 1843 3846 BFW.
1867 3798 1961 3845 Nn.
1996 3815 2007 3845 1
2035 3815 2043 3844 ι
2067 3813 2183 3860 50¹·
2222 3796 2365 3844 1152
