2684 4244
984 126 1115 181 regni
1142 126 1151 167 Ι
1169 125 1568 183 licr(›soly1nitani.
2266 149 2320 179 12
2335 149 2357 190 ς

188 306 469 362 ecclesiam,
502 308 736 369 domum,
770 306 998 365 furnum,
1042 306 1403 356 molendinum
1434 320 1482 355 et
1516 308 1694 357 balnea
1735 307 1868 371 juxta
1911 309 2126 357 fundam
2168 325 2361 357 merca-

188 392 378 443 torum,
420 382 600 429 eadem
640 381 775 446 apud
818 381 1059 430 Cahiram
1103 382 1153 429 in
1195 381 1357 446 platea
1398 382 1687 431 Belbecanti
1718 395 1765 431 et
1794 384 1931 448 apud
1962 382 2143 445 Rassit,
2176 383 2362 431 deinde

188 455 242 503 M
274 454 517 503 bisantios
547 455 599 503 in
630 454 787 504 funda
816 455 970 518 regali
1000 456 1103 504 sive
1132 455 1395 520 Babylone
1425 455 1527 503 sive
1559 457 1773 505 Cahirae
1814 456 2031 522 singulis
2071 458 2219 505 annis
2253 457 2362 505 sine

187 528 409 593 servitio,
431 544 670 594 quosque
691 530 752 577 de
772 529 1081 578 omnimodo
1113 528 1220 592 jure
1251 529 1616 592 negotiationis
1646 531 1815 595 ipsum
1847 547 2127 580 commune
2157 530 2363 595 acquie—

187 602 362 651 taverit
382 603 735 666 Alexandriae,
758 603 1017 652 Damiatae
1039 617 1085 652 et
1103 603 1254 663 Tani,
1286 603 1522 652 concedit
1551 616 1598 652 et
1626 604 1794 669 sigillo
1824 604 2111 654 confirmat.
2143 633 2212 639 ——-
2241 606 2361 653 Ber-

187 677 393 736 nardus,
436 677 725 741 LiddensiS,
741 678 771 739 1)
804 677 1131 739 Guillelmus,
1163 677 1497 737 Acconensis,
1529 678 1773 743 episcopi,
1819 678 2106 745 Philippus,
2137 679 2361 744 Templi,

188 750 496 811 Gilebertus,
528 751 824 817 Hospitalis,
857 752 1110 815 magistri,
1157 752 1429 815 Galterius,
1472 751 1709 817 princeps
1747 753 2018 816 Galilaeae,
2060 753 2363 802 Hemfridus

187 825 612 888 constabularius,
660 826 788 875 Milo
818 826 1029 891 dapifer,
1076 826 1389 875 Guillelmus
1429 827 1783 889 marescalcus,
1829 827 2110 876 Gaufridus
2150 827 2359 876 Tortus.

187 899 378 948 Datum
408 916 498 965 per
536 916 753 949 manum
794 899 1018 964 Radulfi,
1060 900 1288 966 episcopi
1328 900 1758 949 Bethlehemitani
1795 901 2031 966 regisque
2062 902 2361 950 cancellarii.

185 1001 257 1007 —
285 973 543 1036 AlbertuS,
586 973 828 1039 Ubhicio,
871 974 1232 1038 (Hibignanus)
1273 987 1320 1023 et
1360 975 1695 1023 Ildebrandus
1735 988 1827 1024 etc.
1861 988 2096 1041 utsupra
2127 977 2225 1024 No.
2261 993 2360 1040 322

187 1046 267 1109 (G.
300 1048 504 1110 Mtiller,
535 1064 583 1113 p.
626 1066 702 1112 15,
744 1049 845 1098 No.
884 1062 974 1109 123
1019 1049 1110 1098 Dal
1143 1050 1332 1114 Borgo,
1374 1066 1422 1114 p.
1457 1065 1699 1113 92——93;
1746 1050 2015 1113 Muratori,
2057 1050 2232 1114 Antiq.
2267 1048 2361 1114 [ed.

186 1119 292 1185 for]
324 1122 380 1182 II,
411 1139 459 1187 p.
492 1124 801 1186 907—908,
835 1121 930 1187 [ed.
960 1121 1040 1188 40]
1072 1123 1155 1185 VI,
1186 1140 1234 1189 p.
1261 1124 1576 1187 265—2683
1609 1123 1916 1187 UghelliIII,
1937 1141 1986 1189 p.
2007 1125 2141 1188 4063
2175 1124 2362 1188 L'unig,

184 1196 317 1245 Cod.
354 1195 570 1262 diplom.
607 1196 693 1261 III,
744 1213 791 1262 p.
838 1214 1000 1262 14753
1057 1197 1116 1246 cf.
1161 1197 1406 1246 Archives
1447 1198 1494 1246 d.
1545 1198 1682 1246 miss,
1722 1198 1956 1256 scientifi,
2001 1199 2032 1247 l.
2065 1215 2103 1247 c.
2148 1215 2196 1264 p.
2231 1199 2361 1262 3673

185 1271 410 1320 Fanucci
439 1270 493 1334 II,
524 1287 572 1337 p.
609 1271 706 1335 50).
2249 1270 2361 1319 467

311 1351 342 1404 ¹)
375 1349 447 1392 De
472 1362 568 1406 quo
593 1347 822 1392 Rohricht
844 1348 890 1392 in
914 1349 1096 1392 ZDPV.
1122 1349 1179 1405 X,
1202 1363 1245 1406 p.
1272 1348 1340 1392 28.

321 1466 351 1490 ‚,
430 1427 586 1494 Sept.,
617 1427 723 1476 ind.
744 1428 822 1477 III.
853 1456 925 1462 —
954 1427 1233 1478 Goifredus
1261 1429 1455 1477 Tortus
1482 1428 1694 1492 GarinO,
1726 1428 1774 1477 S.
1798 1428 2073 1478 Salvatoris
2101 1430 2154 1478 in
2185 1431 2363 1479 Monte

182 1502 397 1552 Thabor
414 1501 597 1565 abbati,
616 1502 707 1551 XII
736 1502 982 1551 bisantios
1011 1503 1064 1551 in
1094 1503 1280 1567 pascha
1309 1504 1445 1569 apud
1474 1504 1692 1552 domum
1723 1503 1883 1568 ipsius
1912 1507 2273 1553 Acconensem
2303 1505 2364 1553 de

183 1593 392 1626 zuccare
423 1577 599 1625 casalis
627 1577 706 1626 sui
728 1577 979 1625 Manueth
999 1577 1267 1626 annuatim
1286 1578 1609 1643 recipiendos
1630 1578 1788 1626 donat
1813 1578 1896 1627 tali
1916 1578 2149 1627 videlicet
2166 1591 2362 1642 tenore,

184 1663 240 1700 ut
268 1667 526 1700 consensu
555 1651 710 1700 totius
740 1651 946 1717 capituli
974 1652 1225 1701 villanum
1254 1651 1593 1701 constitutum
1622 1652 1675 1701 in
1703 1652 1837 1707 loco,
1859 1653 1948 1717 qui
1968 1653 2155 1702 dicitur
2173 1653 2363 1717 Cassia,

183 1741 340 1790 quem
372 1725 644 1790 RogeriuS,
676 1738 816 1791 pater
843 1725 1093 1789 Goifredi,
1125 1725 1363 1775 ecclesiae
1395 1727 1590 1776 Montis
1618 1727 1794 1775 Tabor
1823 1727 2187 1776 eleemosinam
2219 1744 2364 1793 prae-

183 1799 309 1862 buit,
354 1799 449 1848 sibi
493 1799 736 1849 restituat.
779 1828 850 1834 —-
893 1800 1211 1850 Lanzulinus
1255 1801 1412 1866 prior,
1458 1800 1769 1851 Dominicus
1814 1802 2070 1867 subprior,
2116 1801 2365 1851 Girardus

184 1886 376 1937 cantor,
397 1874 516 1938 Ugo
544 1874 777 1936 Pisanus,
808 1875 986 1923 Petrus
1016 1875 1078 1923 de
1108 1875 1289 1937 Podio,
1320 1876 1588 1938 Martinus,
1610 1875 1918 1941 Stephanus,
1939 1878 2160 1940 Marcus,
2183 1877 2365 1925 Domi-

183 1948 330 1998 nicus
358 1948 629 2009 monachi;
663 1948 847 1998 Simon
877 1950 938 1997 de
969 1949 1086 2010 Laa,
1118 1950 1231 1998 Rau
1262 1950 1322 1998 de
1351 1950 1575 2013 Batailla,
1609 1950 1842 2014 Egidius,
1873 1950 2064 2012 Helias,
2096 1952 2274 2000 Petrus
2304 1951 2365 1999 de

183 2022 477 2087 Savaingni,
509 2022 646 2085 Odo,
678 2023 1002 2073 Godofridus
1030 2024 1320 2089 Turcopuli
1351 2025 1412 2073 de
1442 2024 1613 2088 Buria,
1644 2024 1829 2073 milites
1859 2024 2014 2087 (Paoli
2046 2026 2080 2085 I,
2112 2042 2159 2091 p.
2187 2042 2366 2088 209——

185 2113 306 2161 210,
346 2097 447 2146 No.
489 2098 613 2158 1663
665 2097 727 2146 cf.
758 2114 806 2163 p.
844 2099 1165 2163 538—539).
1196 2093 1210 2166 {j
1251 2099 1366 2148 Hoc
1405 2098 1733 2165 privilegium
1764 2099 2018 2149 Rinaldus
2057 2099 2203 2162 (corr.
2237 2099 2366 2148 Mai-

183 2172 400 2233 nardus;
457 2171 519 2221 cf.
548 2172 744 2222 ZDPV.
774 2172 838 2235 X,
876 2189 926 2238 p.
961 2173 1062 2237 23),
1104 2173 1378 2239 episcopus
1407 2173 1715 2240 Berytensis,
1745 2190 1798 2222 se
1827 2174 2013 2223 vidisse
2042 2174 2212 2239 sigillo
2242 2191 2365 2223 con-

182 2244 349 2295 firmat
376 2262 417 2295 c.
458 2263 588 2311 1175
623 2245 780 2308 (paoli
811 2247 845 2311 I,
877 2263 924 2312 p.
963 2247 1099 2312 538).
2249 2247 2366 2296 468

320 2374 350 2398 ,‚
428 2335 825 2402 Hierosolymis.
857 2365 927 2369 —
957 2335 1299 2400 (A)malricus,
1342 2338 1623 2402 patriarcha
1654 2337 2178 2404 Hierosolymitanus,
2210 2355 2365 2388 cano-

187 2409 310 2459 ·1icis
329 2409 379 2460 S.
398 2410 670 2477 Sepulchri
698 2427 789 2476 per
817 2427 1032 2459 manum
1054 2411 1185 2459 Petri
1205 2412 1245 2460 ΙΙ
1274 2411 1458 2477 prioris
1489 2412 1708 2477 plurima
1738 2411 2001 2478 privilegia
2022 2412 2291 2462 confirmat
2320 2426 2367 2462 et

188 2484 446 2549 ⁵ncognita
474 2498 727 2535 memorat
754 2484 942 2534 scilicet
970 2502 1220 2549 magnum
1250 2485 1420 2550 altare,
1451 2487 1594 2552 quod
1626 2500 1698 2535 est
1726 2487 1779 2535 in
1808 2487 1968 2536 choro
1997 2487 2046 2537 S.
2078 2487 2364 2554 Sepulchri,

184 2575 435 2608 carcerem
467 2572 514 2608 et
542 2559 711 2622 altare,
753 2558 905 2608 altare
948 2559 996 2608 S.
1028 2560 1159 2608 Petri
1201 2573 1248 2608 et
1287 2560 1336 2610 S.
1369 2560 1633 2626 Stephani,
1664 2561 2016 2610 inventionem
2057 2579 2174 2610 cum
2205 2561 2364 2621 altari,

182 2634 349 2697 altare,
381 2634 524 2699 quod
555 2646 628 2683 est
656 2635 719 2683 ad
749 2647 902 2699 caput
930 2634 979 2683 S.
1007 2634 1293 2699 Sepulchri,
1326 2636 1634 2700 parochiale,
1665 2636 1976 2700 cathedram,
1999 2653 2131 2701 quae
2152 2650 2223 2685 est
2252 2650 2367 2702 post

184 2724 432 2772 magnum
465 2708 635 2772 altare,
667 2721 714 2758 et
743 2708 936 2771 omnia,
968 2725 1098 2773 quae
1140 2709 1332 2757 ibidem
1371 2710 1451 2758 vel
1488 2710 1541 2759 in
1570 2726 1892 2775 quocunque
1934 2711 2364 2777 praescriptorum

183 2782 418 2831 altarium
457 2783 668 2832 missam
709 2783 992 2849 patriarcha
1033 2783 1373 2847 celebraverit,
1415 2785 1477 2833 ad
1506 2783 1615 2849 ejus
1643 2800 1860 2834 manum
1889 2786 1992 2834 sive
2023 2787 2208 2851 pedem
2240 2787 2365 2835 offe-

182 2870 383 2920 runtur,
414 2874 599 2907 omnes
628 2857 915 2906 oblationes
945 2857 1214 2922 compassi,
1246 2859 1390 2922 quod
1420 2859 1471 2907 in
1502 2859 1676 2908 medio
1706 2860 1866 2909 choro
1897 2860 1946 2909 S.
1977 2860 2245 2926 Sepulchri
2277 2874 2364 2918 est,

185 2931 420 2998 plateam,
442 2948 573 2996 quae
604 2945 676 2980 est
704 2932 835 2980 inter
863 2945 1062 2997 portam
1093 2932 1332 2981 ecclesiae
1362 2945 1409 2982 et
1437 2934 1724 2997 columnas,
1753 2934 1970 3000 plateam
2002 2935 2133 2984 inter
2162 2936 2365 2984 easdem

182 3004 453 3055 columnas
481 3006 626 3055 sitam
659 3018 707 3055 et
736 3006 1001 3071 Hospitale
1032 3006 1080 3055 S.
1103 3007 1370 3068 Johannis,
1402 3008 1531 3057 sicut
1560 3008 1611 3056 in
1640 3007 1860 3072 longum
1890 3022 1936 3057 et
1964 3009 2122 3058 latum
2156 3023 2365 3075 proten-

183 3079 335 3144 ditur,
368 3081 571 3145 domos,
609 3081 868 3145 stationes,
898 3093 1056 3129 terras
1085 3093 1131 3128 et
1160 3081 1409 3146 quicquid
1440 3082 1493 3131 in
1524 3083 1782 3147 quarterio
1812 3083 2051 3132 ecclesiae
2082 3098 2128 3132 et
2157 3085 2364 3149 patriar—

186 3154 308 3203 chae
339 3154 459 3203 dicti
489 3155 724 3204 canonici
759 3155 1041 3221 possident,
1084 3155 1310 3220 aliasque
1352 3158 1704 3222 possessiones
1744 3158 1796 3206 in
1834 3158 2014 3207 Sancta
2045 3159 2257 3207 (livitate
2289 3160 2363 3207 vel

183 3242 318 3277 extra
346 3230 565 3278 eandem
604 3230 721 3279 sitas
750 3243 797 3278 et
826 3246 944 3294 prae
974 3229 1150 3278 ceteris
1182 3229 1344 3279 furnis
1374 3231 1604 3290 furnum,
1636 3248 1794 3297 quem
1837 3233 2116 3298 patriarcha
2146 3234 2310 3281 dictus
2340 3251 2364 3281 a

183 3302 328 3352 dictis
367 3304 630 3353 canonicis
672 3305 1062 3353 commodatum
1105 3304 1269 3353 tenuit
1309 3306 1397 3354 sed
1438 3306 1659 3355 reddidit
1695 3306 1993 3356 testimonio
2024 3308 2170 3365 Petri,
2202 3308 2363 3355 archi-

183 3377 411 3443 episcopi
440 3378 707 3444 Tyrensis,
743 3379 1006 3427 ecclesiam
1040 3391 1086 3426 et
1115 3379 1436 3428 cimeterium
1478 3393 1611 3429 extra
1643 3395 1841 3446 portam
1874 3382 2035 3430 David
2069 3380 2201 3440 juxta
2232 3382 2362 3429 viam

182 3451 290 3514 sita,
333 3468 435 3516 qua
476 3452 576 3502 itur
617 3453 898 3513 Bethleem,
930 3453 1086 3515 villaS,
1118 3470 1245 3517 quas
1274 3454 1686 3512 aedificaverunt,
1719 3469 1773 3505 ut
1805 3458 2045 3519 Magnam
2078 3470 2122 3504 et
2155 3458 2363 3504 parvam

185 3526 583 3587 Mahumeriam,
625 3527 861 3576 Bethsuri
893 3540 938 3575 et
967 3527 1104 3586 aliaS,
1135 3544 1261 3591 quas
1291 3528 1631 3578 aedificabunt
1663 3543 1709 3579 et
1740 3530 1903 3579 Latini
1948 3531 2263 3579 habitabunt.

184 3600 447 3664 Letardus,
491 3602 805 3663 NazarenuS,
856 3602 1139 3650 Hernesius
1184 3602 1519 3666 (Hernerius),
1566 3605 1927 3661 Caesariensis,
1974 3605 2363 3670 archiepiscopi.

184 3673 532 3738 W(illelmus),
562 3675 898 3739 Acconensis,
933 3676 1236 3733 Bernardus,
1270 3677 1557 3739 Liddensis,
1589 3679 1836 3738 Absalon,
1857 3681 2124 3743 quondam
2156 3680 2361 3727 Ascalo-

185 3748 374 3812 nensis,
405 3749 649 3816 episcopi,
680 3750 960 3813 Renaldus,
1000 3749 1193 3799 Montis
1235 3751 1393 3817 Syon,
1437 3753 1783 3811 Raimundus,
1825 3754 2031 3819 'l‘cmpli
2080 3754 2306 3806 Domini.
2335 3755 2362 3814 ¹)

312 3864 343 3917 ¹)
375 3864 446 3906 De
471 3878 568 3928 quo
594 3865 784 3925 ZDPV.
804 3865 858 3913 X,
883 3878 924 3920 p.
948 3879 1019 3920 41-
1055 3863 1269 3920 Sigillum
1296 3865 1542 3922 cujusdam
1571 3866 1773 3923 Roga-rii,
1798 3866 1982 3910 abbatis
2007 3867 2210 3924 'l'cmpli.
2235 3867 2291 3911 cl'.
2321 3867 2361 3910 in

184 3922 343 3966 Revue
367 3934 656 3979 num1smat.,
687 3924 739 3966 ΙΙΙ
766 3922 883 3980 ὃόικ,
910 3923 983 3979 Vl,
1007 3938 1048 3980 p.
1074 3925 1161 3980 408
1186 3925 1321 3983 --4(35).
