2684 4244
984 165 1115 221 regni
1140 165 1571 224 Hierosolymitani.
2299 189 2363 236 75

201 365 318 398 cum
349 348 576 398 cisternis
607 366 764 415 prope
784 351 994 399 Turrim
1027 352 1206 415 David,
1238 354 1317 402 cui
1348 354 1495 402 etiam
1527 372 1584 402 ex
1616 368 1828 419 utraque
1859 368 1995 421 parte
2026 355 2102 403 via
2131 355 2367 416 decurrit,

201 439 422 488 quarum
456 437 669 488 utraque
701 425 799 473 itur
819 426 1134 483 Bethlehem,
1166 428 1285 475 item
1318 428 1532 476 domum
1566 445 1682 477 cum
1713 429 1941 490 cisterna,
1963 445 2093 493 quae
2125 428 2252 477 infra
2281 442 2367 486 est,

201 513 332 562 quae
362 497 553 546 domus
582 496 717 560 juxta
743 511 942 563 portam
963 500 1182 565 Templi,
1203 517 1303 565 qua
1334 501 1432 549 itur
1449 503 1701 566 Josaphat,
1731 517 1843 551 ante
1873 504 2090 551 domum
2109 502 2370 551 Guidonis

201 571 263 620 de
293 569 500 620 Miliaco
529 571 620 620 sita
648 585 736 631 est,
768 588 925 636 quam
955 574 1171 623 domum
1202 575 1339 623 dedit
1367 576 1532 624 Adam
1563 576 1623 624 de
1653 576 1842 634 Ramis,
1874 577 2092 625 domurn
2123 576 2370 624 Hieroso-

199 644 518 710 lymitanam,
549 660 705 709 quam
737 646 875 694 dedit
904 647 1095 696 Elanus
1131 649 1427 709 Bocherius,
1460 650 1675 698 domum
1706 663 1819 698 ante
1849 650 2113 698 ecclesiam
2154 650 2203 698 S.
2236 651 2371 698 Mar—

199 718 291 768 tini
335 717 892 784 Hierosolymitanam,
938 737 1092 785 quam
1138 723 1429 771 Bernardus
1470 723 1531 771 de
1571 723 1762 772 Tolosa
1814 722 2028 789 ejusque
2069 740 2199 772 uxor
2238 723 2372 772 Rufa

200 792 471 855 dederunt,
501 793 702 842 donum
722 793 909 852 Alfani,
941 795 1030 859 qui
1059 796 1390 861 semetipsum
1431 813 1748 861 omnemque
1790 797 2122 846 substantiam
2151 814 2296 845 suam
2326 811 2372 845 et

200 867 386 915 domos
415 867 467 916 in
493 866 655 932 platea
675 867 1147 918 nummulariorum
1168 870 1284 918 sitas
1304 870 1456 931 dedit,
1477 871 1635 919 casale
1655 872 1912 920 Coketum
1931 875 2109 920 Accon
2129 871 2371 924 vicinum,

200 941 343 1006 quod
373 957 631 990 consensu
662 942 835 990 uxoris
865 956 911 991 et
938 942 1219 992 liberorum
1249 945 1387 993 dedit
1416 945 1576 993 Barda
1596 950 1870 1008 Armenus,
1891 944 2052 994 casale
2073 946 2371 994 Recordana

200 1031 317 1064 cum
360 1014 692 1079 molendinis,
734 1017 879 1080 quod
919 1017 1184 1082 Hospitale
1225 1035 1471 1067 concessu
1509 1019 1639 1082 regis
1669 1019 1827 1084 ipsius
1857 1032 1904 1068 et
1931 1019 2136 1082 reginae
2167 1035 2371 1067 necnon

200 1088 425 1156 Philippi
446 1089 771 1153 Neapolitani
803 1089 1016 1155 ejusque
1047 1091 1258 1141 fratrum
1288 1109 1314 1140 a
1334 1092 1534 1142 Galone
1565 1106 1610 1141 et
1638 1110 1796 1142 uxore
1816 1097 2014 1157 Agnete
2044 1093 2370 1158 comparavit,

200 1163 402 1213 donum
422 1162 617 1213 Airaldi
646 1164 856 1223 Barbae,
887 1165 974 1229 qui
1006 1166 1178 1214 casalis
1208 1166 1422 1215 Lebetza
1452 1167 1774 1215 medietatem
1805 1167 1959 1225 dedit,
1991 1165 2137 1227 cujus
2167 1166 2372 1215 alteram

200 1237 521 1287 medietatem
552 1238 747 1286 addidit
768 1237 1092 1303 Aldeburgis,
1123 1257 1270 1289 soror
1288 1241 1543 1289 Lamberti
1574 1241 1909 1300 cambiatoris,
1930 1242 2090 1289 casale
2109 1240 2373 1290 Calanzon

200 1311 253 1361 in
281 1312 536 1362 territorio
565 1312 892 1362 Caesareensi
934 1314 1105 1375 situm,
1148 1315 1289 1379 quod
1321 1315 1459 1363 dedit
1487 1314 1737 1364 Gofridus
1767 1315 1828 1363 de
1859 1314 2058 1378 Flajaco
2088 1327 2133 1363 et
2162 1331 2280 1363 curn
2312 1331 2373 1363 eo

198 1386 461 1436 Johannes
502 1387 564 1435 de
604 1387 774 1435 Bezan
814 1386 1028 1452 ejusque
1072 1388 1218 1437 frater
1257 1389 1433 1452 Hugo,
1479 1388 1659 1437 casalia
1702 1389 1951 1437 Bethiben
1995 1402 2041 1437 et
2069 1388 2277 1438 Gendas
2322 1389 2375 1436 in

198 1460 453 1511 territorio
485 1461 745 1527 Lyddensi
774 1462 882 1519 sita,
913 1478 1044 1526 quae
1074 1463 1233 1526 Hugo
1263 1463 1323 1511 de
1354 1463 1528 1511 Ramis
1557 1479 1803 1512 concessu
1830 1463 2074 1526 Hugonis
2102 1462 2375 1528 Joppensis

198 1547 322 1584 tunc
349 1535 551 1591 domini
582 1535 737 1597 dedit,
758 1536 917 1584 casale
939 1537 1114 1584 Adeka
1136 1537 1187 1585 in
1207 1537 1461 1586 territorio
1481 1537 1809 1586 Caesareensi
1829 1538 2000 1599 situm,
2022 1538 2165 1602 quod
2184 1538 2375 1585 101130-

200 1625 291 1658 nes
320 1609 383 1659 de
426 1610 591 1658 Bezan
632 1625 880 1659 concessu
923 1611 1163 1674 Hugonis
1204 1611 1265 1659 de
1305 1612 1473 1659 Bezan
1511 1611 1757 1660 vendidit.
1788 1639 1858 1645 -—
1887 1612 2079 1671 Petrus,
2110 1611 2374 1676 Tyrensis,

198 1683 504 1744 Balduinus,
534 1684 896 1745 CaesariensiS,
928 1685 1238 1748 Letardus,2)
1268 1686 1582 1746 Nazarenus,
1626 1685 2013 1751 archiepiscopi,
2057 1685 2373 1747 Fredericus,

201 1758 544 1821 Achonensis,
565 1757 832 1819 Osbertus,
852 1759 1248 1815 Tiberiadensis,
1278 1759 1522 1824 episcopi,
1542 1760 1845 1823 Amalricus,
1877 1759 2007 1822 regis
2037 1759 2199 1819 frater,
2232 1760 2375 1807 Hen-

200 1832 374 1882 fredus
403 1833 829 1894 constabulariuS,
861 1834 1038 1883 Guido
1067 1833 1412 1899 Berythensis,
1444 1833 1691 1883 Girardus
1722 1833 2042 1884 SidonensiS.
2064 1833 2376 1883 Guillelmus

198 1906 503 1968 Tiberiadis,
534 1907 718 1957 Simon
746 1908 1051 1971 TiberiadiS,
1082 1908 1464 1957 Guormundus
1493 1907 1795 1966 Tiberiadis,
1829 1908 1986 1971 Hugo
2015 1907 2373 1963 Caesariensis,

201 1981 569 2047 Mahengottus
596 1982 902 2042 Tiberiadis,
944 1981 1080 2031 filius
1121 1980 1229 2044 ejus
1270 1981 1542 2031 Radulfus.
1587 1983 1777 2031 Datum
1806 1998 1897 2047 per
1926 1998 2137 2031 manum
2170 1981 2374 2030 Radulfi

199 2054 484 2110 cancellarii
515 2055 671 2118 (Paoli
701 2057 735 2119 Ι,
767 2073 815 2122 p.
851 2073 1083 2121 32—33,
1114 2058 1214 2106 No.
1250 2072 1343 2121 303
1389 2056 1449 2104 cf.
1481 2072 1528 2121 p.
1560 2056 1888 2120 488-4891
2261 2054 2376 2102 293

325 2150 357 2204 ¹)
391 2148 538 2204 Quod
562 2148 759 2192 Conder
782 2149 965 2205 (Quart.
991 2147 1109 2192 Stat.
1143 2147 1264 2206 1890,
1287 2162 1330 2205 p.
1353 2149 1426 2205 35)
1451 2161 1554 2190 esse
1578 2147 1702 2191 vult:
1727 2147 2041 2206 el-muteiyen
2063 2147 2217 2202 (sheet
2237 2147 2376 2201 XIV).

202 2209 238 2263 2)
271 2208 343 2252 De
368 2222 465 2266 quo
490 2208 673 2252 ZDPV.
699 2208 756 2264 X,
779 2222 822 2265 p.
856 2222 916 2264 14.

282 2305 433 2356 1154
461 2308 646 2358 Octob.
671 2325 754 2357 21.
798 2307 1048 2357 Laterani.
1080 2335 1149 2340 —
1181 2306 1476 2356 Anastasius
1507 2307 1572 2355 IV
1602 2307 1880 2373 Hospitalis
1911 2308 2100 2356 domus
2128 2307 2377 2356 Hieroso-

199 2382 474 2448 lymitanae
493 2383 867 2449 protectionem
887 2381 1097 2446 suscipit
1117 2381 1468 2446 possessiones
1496 2398 1552 2430 ac
1581 2382 1841 2447 privilegia
1862 2381 2173 2430 confirmans
2193 2382 2377 2443 (Mansi

199 2457 335 2521 XXI,
365 2473 415 2523 p.
447 2459 580 2516 7803
627 2457 820 2521 Migne,
864 2456 1044 2505 patrol.
1075 2456 1154 2503 lat.
1186 2455 1552 2517 CLXXXVIII,
1589 2473 1636 2521 p.
1680 2458 1837 2513 1078;
1881 2455 2376 2515 Jaffe—Lowenfeld,

201 2532 301 2581 No.
333 2532 510 2597 9930).
539 2526 553 2599 ΙΙ
593 2530 789 2581 Similia
826 2530 1087 2596 privilegia
1118 2529 1179 2578 cf.
1212 2530 1263 2578 in
1291 2529 1790 2595 jaffe-Lowenfeld,
1832 2531 1931 2578 No.
1964 2547 2125 2594 9931,
2179 2531 2377 2586 10872,

210 2606 1410 2671 1158621277521,13226214485214511·
2262 2602 2379 2651 294

337 2748 367 2773 ,‚
445 2738 519 2745 -—
534 2711 840 2774 Amalricus,
856 2710 996 2776 prior
1015 2709 1064 2758 S.
1080 2708 1366 2774 Sepulchri,
1381 2725 1498 2757 cum
1518 2721 1626 2758 toto
1644 2722 1901 2758 conventu
1919 2724 2088 2757 coram
2106 2708 2379 2756 Fulcherio

202 2785 483 2851 patriarcha
522 2785 830 2835 Benscelino
871 2783 1086 2848 ejusque
1133 2783 1277 2831 uxori
1318 2783 1498 2831 Godae
1540 2783 1757 2832 domum
1788 2783 1996 2847 Rogerii
2026 2796 2072 2830 et
2103 2782 2290 2830 Mariae
2328 2783 2376 2830 S.

202 2860 394 2924 Lazari,
416 2875 548 2925 quae
577 2860 669 2908 sita
697 2873 770 2908 est
799 2860 929 2908 inter
948 2859 1162 2907 domum
1187 2857 1487 2920 Leodegarii
1506 2856 1813 2905 molendarii
1833 2871 1879 2905 et
1898 2857 2180 2922 praedictae
2201 2857 2378 2905 Godae

202 2934 255 2983 10
283 2934 457 2984 dextra
496 2947 635 3000 parte
676 2933 886 3000 plateae⁷
928 2949 1028 2997 qua
1071 2932 1170 2980 itur
1205 2932 1266 2979 ad
1295 2931 1596 2996 Templum,
1640 2932 1950 2996 quibusdam
1993 2930 2379 2979 conditionibus

202 3009 452 3058 concedit.
479 3036 543 3041 ——
574 3009 651 3058 De
671 3006 932 3057 canonicis
962 3007 1010 3055 S.
1033 3006 1299 3071 Sepulchri
1320 3022 1329 3053 :
1362 3004 1651 3054 Amalricus
1671 3006 1823 3070 prior,
1847 3005 2104 3053 Arnaldus
2124 3005 2378 3070 subprior.

202 3081 445 3133 Giraldus
490 3096 806 3148 praecentor,
862 3080 1178 3130 Godefridus
1223 3080 1585 3138 thesaurarius,
1641 3080 1923 3128 Nicholaus
1971 3078 2378 3130 elemosinarius.

201 3155 484 3220 Beltoldus,
517 3157 692 3206 Petrus
721 3155 1078 3222 sepulcrariuS,
1107 3154 1401 3219 Stephanus
1436 3154 1771 3219 praepositus,
1793 3154 2182 3206 Constantinus,
2207 3154 2379 3201 Petrus

203 3231 264 3280 de
283 3230 524 3294 Golgota,
546 3231 723 3280 Petrus
745 3232 806 3279 de
827 3229 1094 3287 Nazareth,
1116 3229 1423 3286 Bernartius,
1444 3228 1668 3276 Barduin
1679 3245 1752 3285 us,
1776 3228 2069 3276 Willelmus
2089 3228 2149 3275 tle
2172 3227 2378 3280 ssaruth,

203 3305 362 3370 Hugo
391 3306 454 3354 de
483 3305 700 3368 Nigella,
731 3305 992 3354 Johannes
1024 3302 1362 3365 pictaviensis,
1385 3301 1681 3350 Willelmus
1711 3304 1772 3350 de
1804 3302 2047 3367 Yspania,
2082 3301 2378 3352 Rainaltlus,

203 3379 380 3429 Petrus
408 3380 470 3428 de
502 3378 745 3438 Bolonia3
789 3380 850 3427 de
880 3377 1045 3426 laicis:
1077 3376 1179 3425 Oto
1210 3377 1270 3424 de
1302 3377 1531 3435 Verdun,
1565 3376 1848 3424 Rainaldus
1878 3377 2082 3429 Sechcr,
2117 3377 2288 3423 l‘etrus
2319 3376 2379 3422 tle

203 3453 469 3517 Peregorc,
491 3453 791 3503 Willelmus
812 3454 1013 3506 Patron,
1036 3450 1359 3512 Benedictus,
1382 3451 1620 3499 Albertus
1651 3451 1891 3498 Lonibart
1922 3450 2170 3511 (Rozierc,
2207 3466 2251 3514 p.
2278 3466 2332 3496 21
2361 3466 2369 3496 1

204 3544 401 3593 -213,
432 3529 532 3577 No.
575 3544 699 3589 110;
747 3528 940 3591 Migne,
973 3542 1019 3591 p.
1063 3526 1437 3587 1208—1201),
1470 3526 1567 3573 No.
1613 3542 1622 3572 1
1651 3526 1740 3583 11)).
2265 3521 2380 3569 295

340 3670 370 3695 ,,
452 3633 666 3682 Parisiis.
700 3661 768 3666 -—
799 3630 1093 3680 Lttdovicus
1127 3629 1229 3687 Vll,
1270 3645 1353 3676 rex
1386 3628 1642 3681 Franciae,
1677 3628 1908 3675 fratribus
1939 3628 1986 3674 S.
2023 3627 2210 3677 lazari.
2244 3641 2378 3691 post-

203 3722 362 3772 quam
392 3706 770 3773 Hierosolymis
806 3717 1031 3753 moratus
1064 3703 1105 3751 X
1135 3702 1287 3750 libras
1315 3701 1565 3750 annuales
1594 3702 1858 3756 concessit,
1890 3700 2005 3748 loco
2036 3717 2209 3749 carutu
2244 3717 2382 3749 nunc

203 3781 516 3830 Ballivacum
562 3782 720 3830 donat
764 3793 809 3828 et
853 3778 1020 3841 sigillo
1065 3776 1348 3825 conlirtnat.
1383 3776 1655 3824 *νὴ-(1111111)
1701 3775 2050 3826 buticularius,
2099 3776 2382 3823 Matthaeus

204 3855 530 3915 camerariuS,
564 3855 851 3903 Matthaeus
881 3850 1303 3900 constabularius.
1351 3851 1535 3898 Datum
1571 3866 1657 3915 per
1688 3866 1899 3897 manuni
1925 3849 2162 3910 Ilugonis
2183 3849 2379 3897 cancel-

203 3929 311 3977 larii
341 3929 603 3991 (Archives
633 3930 693 3977 de
724 3928 943 3976 l'()rient
973 3925 1092 3974 latin
1124 3925 1232 3986 1113,
1264 3941 1312 3990 p.
1346 3941 1458 3988 132,
1492 3924 1588 3972 Nu.
1633 3940 1717 3983 ¹23
1762 3922 1821 3971 cl'.
1855 3923 1916 3971 U.
1949 3924 2009 3970 tle
2041 3924 2219 3977 Sibert,
2254 3923 2378 3971 llist.
