2684 4244
350 140 406 183 54
1290 120 1579 176 Regesta

493 327 521 351 „
601 289 720 336 Dec.
758 288 816 337 18
847 291 1036 335 Accon.
1066 314 1136 320 ——
1163 284 1352 334 Charta
1382 283 1588 347 Alberti,
1615 283 1928 350 patriarchae
1956 284 2426 354 Hierosolymitani,
2452 287 2508 339 in

348 364 405 412 D.
434 363 571 411 Cart.
603 361 658 422 II,
691 378 739 426 p.
769 361 999 422 78—79,
1027 359 1125 408 No.
1165 360 1328 418 1276;
1358 357 1549 409 Invent.
1578 373 1625 422 p.
1655 358 1739 420 80,
1767 357 1865 407 No.
1897 359 2033 424 223).
2397 358 2518 410 824

427 445 817 496 1207—1208.
847 473 917 478 -
947 446 1023 494 De
1044 446 1254 495 ’Monte
1272 444 1448 495 Ceffa«
1472 443 1524 493 in
1542 443 1807 510 privilegio
1826 459 2007 496 vocato
2025 445 2238 512 ejusque
2257 448 2356 498 situ
2374 463 2517 504 nunc

346 520 716 571 accuratissime
757 517 991 570 disseruit
1020 519 1139 568 Max
1165 534 1265 569 van
1293 518 1543 568 Berchem
1581 518 1635 567 in
1672 518 1846 568 Jornal
1873 518 2008 569 asiat.
2056 536 2185 587 1902
2228 521 2346 584 (mai
2371 521 2519 586 juin),

346 613 393 661 P·
419 609 724 659 429-433·
2144 628 2148 633 -
2282 631 2288 634 -
2371 594 2518 652 ,826

426 679 573 731 1208
603 698 650 744 9.
679 681 789 733 Jan.
830 681 1028 730 Romae
1067 679 1204 743 apud
1231 678 1283 727 S.
1313 679 1535 729 Petrum.
1562 705 1635 714 --
1657 678 1994 732 ‘Innocentius
2022 681 2080 734 ΙΙΙ
2120 681 2382 747 (Alberto),
2422 700 2514 750 pa-

343 755 586 805 triarchae
600 752 1069 819 Hierosolymitano
1080 768 1137 801 ac
1150 751 1185 802 S
1214 755 1276 803 A.
1287 752 1472 816 legate,
1489 752 1709 813 mandat,
1722 765 1779 803 ut
1792 753 2260 809 archidiaconatum
2275 757 2518 817 ecclesiae,

346 829 699 880 Antiocheuae
726 827 947 891 assignet
972 827 1189 876 idoneae
1217 841 1482 891 personae.
1512 826 1749 879 johanne
1794 827 1998 892 scilicet,
2039 828 2090 879 S.
2122 828 2393 890 Mariaein
2418 831 2516 887 Via

343 903 438 952 lata
452 900 693 951 cardinali
711 900 946 960 diaconQ
962 900 1206 965 magistro
1222 900 1456 952 Johanne
1474 912 1523 950 et
1541 900 1613 964 P„
1639 901 1825 951 nuntio
1842 902 2152 968 patriarchae
2170 904 2519 970 Antiocheno,

344 976 574 1026 auditore
603 991 848 1024 concesso
886 973 1024 1026 idem
1063 972 1302 1038 magister
1339 973 1467 1025 olim
1493 988 1831 1040 proposuerat
1870 992 2045 1026 coram
2081 993 2161 1041 e0,
2201 977 2360 1043 quod,
2376 993 2517 1038 ,cum

344 1051 539 1110 PetruS‚
568 1049 615 1098 S.
646 1047 874 1099 Marcelli
911 1047 1180 1098 cardinalis
1218 1048 1482 1114 presbyter
1518 1060 1568 1100 et
1608 1047 1660 1102 S.
1688 1052 1747 1099 A.
1787 1050 1999 1114 legatUS,
2037 1050 2101 1103 ad
2135 1064 2299 1117 partes
2326 1051 2516 1121 ,Syriae

345 1123 562 1174 venisset
589 1135 636 1173 et
653 1121 994 1187 comperisset,
1016 1121 1489 1172 archidiaconatum
1509 1121 1890 1174 Antiochenum
1919 1124 2050 1174 ultra
2067 1125 2135 1176 VI
2162 1125 2518 1187 hebdomades

344 1197 595 1246 vacavisse
622 1196 792 1261 itaque
822 1195 1156 1250 donationem
1198 1195 1261 1245 ad
1290 1195 1476 1247 Sedem
1502 1196 1853 1261 Apostolicam
1882 1198 2177 1251 devolutam
2214 1215 2340 1263 esse,
2376 1199 2516 1261 idem

345 1272 478 1320 dicto
505 1270 750 1336 magistro
778 1269 1250 1323 archidiaconatum
1277 1269 1528 1322 concessit
1544 1282 1591 1319 et
1607 1269 1918 1335 patriarchae
1935 1273 2352 1327 confirmandum
2369 1289 2514 1324 com-

343 1345 616 1396 mendavit.
662 1344 837 1405 Quem
862 1356 1036 1396 tamen
1065 1342 1347 1409 patriarcha
1373 1343 1584 1407 (Petrus)
1598 1343 1631 1406 1)
1660 1345 1922 1409 recusavit,
1953 1363 2275 1413 quamquam
2292 1365 2320 1397 a
2345 1347 2519 1414 legato

344 1419 481 1485 apud
508 1418 827 1469 Antaradum
853 1430 1079 1483 rogatuS,
1108 1435 1276 1483 quum
1302 1418 1498 1468 dictum
1516 1418 1989 1471 archidiaconatum
2016 1419 2116 1484 jam
2145 1420 2236 1473 uni
2263 1437 2323 1471 ex
2351 1437 2516 1488 nepo-

342 1494 476 1542 tibus
504 1492 607 1543 suis
635 1491 910 1555 contulisse
939 1491 1279 1544 confirmaret.
1312 1491 1534 1556 Legatus
1560 1504 1735 1542 autem
1763 1493 1945 1545 certior
1971 1494 2150 1557 factus,
2177 1494 2520 1556 donationem

344 1583 489 1617 suam
504 1566 773 1615 donationi
789 1566 1101 1632 patriarchae
1119 1566 1447 1616 antecessisse
1461 1577 1510 1615 et
1524 1566 1716 1616 dictum
1746 1580 1992 1633 nepotem
2005 1570 2067 1618 ab
2083 1568 2238 1620 aetate
2266 1570 2517 1621 canonica

343 1641 512 1690 adhuc
541 1640 759 1700 differre,
790 1640 981 1701 dictum
1012 1640 1316 1705 magistrum
1343 1639 1559 1690 instituit
1575 1640 1729 1706 eique
1758 1657 1846 1707 per
1873 1642 2099 1708 priorem
2117 1642 2439 1695 Bellimomis
2457 1659 2515 1695 ac

343 1714 644 1779 magistrum
673 1713 925 1764 Milonem
967 1728 1259 1764 executores
1303 1714 1572 1781 deputatos
1614 1715 1820 1764 stallum
1862 1715 1916 1765 in
1959 1717 2212 1778 choroget
2247 1716 2423 1768 locum
2460 1717 2518 1768 in

346 1789 567 1855 capitulo
596 1788 839 1852 assignari
868 1788 997 1838 fecit.
1050 1789 1240 1838 Pariter
1279 1789 1341 1850 de
1380 1787 1526 1852 variis
1553 1789 1855 1855 praebendis
1882 1791 2175 1841 vacantibus
2203 1795 2362 1842 unam
2389 1791 2519 1843 con2
2555 1822 2559 1824 ·

347 1863 492 1912 cessit
518 1862 763 1929 Rogerio,
792 1862 1000 1911 alteram
1032 1863 1426 1913 Bartholomaeo
1465 1863 1656 1912 clericis
1674 1864 1733 1913 'et
1759 1865 2009 1930 quasdam
2037 1865 2311 1928 sententias
2338 1879 2517 1928 contra

346 1937 681 2003 patriarcham
708 1937 1067 2003 promulgavit,
1112 1938 1220 2000 sed,
1257 1936 1543 2000 (Gaufrido)
1586 1937 1912 2005 Tripolitano
1952 1951 2001 2002 et
2043 1938 2140 2003 (N.)
2178 1939 2517 1991 Anteradensi

347 2011 597 2077 episcopis
625 2010 986 2074 mediantibus,
1015 2028 1073 2060 ea
1101 2011 1399 2062 conditione
1425 2011 1678 2075 relaxavit,
1717 2024 1774 2062 ut
1799 2012 1964 2062 dictus
1989 2013 2229 2078 magister
2268 2012 2519 2064 archidial

346 2099 588 2135 conatum
618 2098 665 2134 et
691 2085 786 2151 ipsi
829 2085 936 2135 duo
979 2085 1146 2135 clerici
1188 2086 1548 2135 canonicatum
1590 2086 1895 2150 obtinerent,
1936 2088 2082 2153 quod
2123 2087 2243 2137 dicti
2286 2087 2518 2156 episcopi

346 2159 564 2223 MarinO,
594 2159 956 2209 archidiacono
983 2159 1289 2225 Nicosiensi,
1318 2172 1585 2226 assumpto
1614 2161 1925 2227 patriarchae
1952 2177 2005 2211 se
2032 2163 2374 2228 responsuros
2406 2164 2520 2214 ess‘e
2575 2159 2578 2160 ⁷

344 2234 553 2299 polliciti
581 2245 715 2285 sunt.
770 2234 973 2295 Deinde
997 2235 1193 2298 legatus
1233 2233 1519 2298 nonnullos
1546 2234 1820 2285 canonicos
1859 2247 2003 2285 antea
2043 2236 2519 2286 excommunicatos

343 2324 432 2374 per
460 2308 573 2372 (N.),
612 2308 915 2374 episcopum
953 2308 1333 2372 Valaniensem,
1357 2308 1552 2358 absolvi
1578 2308 1704 2371 fecit,
1744 2310 1846 2359 sed⁴
1871 2309 2152 2376 patriarcha
2190 2307 2518 2379 R(ogeriurn)

343 2383 656 2432 antedictum
685 2384 1039 2449 presbyterum
1067 2383 1372 2433 canonicum
1411 2381 1574 2432 facere
1613 2383 1782 2433 noluit
1819 2384 2098 2434 ostendens
2137 2400 2228 2450 per
2268 2384 2516 2435 nuntium

343 2473 513 2517 suum,
543 2473 708 2522 quum
740 2457 823 2508 W.
853 2457 1121 2522 quondam
1165 2456 1585 2506 archidiaconum
1613 2457 1799 2507 cumII
1827 2458 2187 2508 concanonicis
2229 2458 2358 2508 mari
2395 2459 2518 2508 suba

340 2531 468 2581 latos
496 2531 650 2580 fuisse
678 2531 930 2580 diceretur
970 2544 1018 2580 et
1046 2531 1109 2580 de
1138 2531 1235 2580 illis
1265 2548 1433 2597 usque
1460 2531 1525 2580 ad
1551 2531 1840 2597 passagium
1869 2548 2093 2597 sequens
2119 2531 2249 2585 nihil
2275 2531 2395 2582 certi
2419 2531 2518 2583 sci-

342 2618 494 2668 retur,
521 2622 572 2654 se
601 2606 663 2654 de
691 2605 1108 2655 archidiaconatu
1137 2605 1408 2672 disponere
1451 2621 1561 2654 non
1604 2622 1771 2672 posse.
1826 2606 2110 2656 Transacto
2136 2622 2259 2656 vero
2286 2607 2519 2658 secundo

341 2679 590 2745 passagio,
634 2679 686 2728 in
731 2697 840 2745 quo
882 2679 1096 2729 asseruit
1137 2680 1363 2743 legatum
1406 2679 1699 2746 applicasse,
1738 2697 1905 2746 quum
1944 2681 2007 2733 de
2045 2680 2189 2730 dictis
2226 2680 2517 2747 periculum

341 2754 493 2803 maris
537 2766 803 2818 constaret,
848 2754 1125 2820 patriarcha
1169 2753 1640 2804 archidiaconatum
1692 2755 1866 2820 nepoti
1908 2754 1988 2804 sui
2029 2754 2245 2805 contulit
2280 2769 2519 2822 eumque

342 2828 565 2877 Romam
594 2828 788 2877 mittere
817 2828 1086 2895 disposuit,
1114 2829 1311 2893 legatus
1338 2845 1475 2891 vem,
1502 2844 1822 2894 quamquam
1849 2841 2075 2894 rogatus,
2105 2845 2227 2878 eum
2254 2829 2395 2879 abire
2419 2846 2517 2880 nov

340 2902 448 2965 luit,
466 2902 747 2968 capitulum
763 2902 1003 2969 deposuit
1012 2915 1065 2952 et
1078 2903 1554 2967 excommunicavit,
1583 2904 1722 2952 unde
1738 2902 1972 2970 princeps
1993 2915 2042 2952 et
2056 2903 2190 2953 cives
2209 2902 2518 2955 Antiocheni

340 2976 662 3026 occasionem
694 2989 1008 3041 sumserunt,
1036 2990 1091 3026 ut
1117 2977 1467 3043 possessiones
1507 2977 1744 3030 ecclesiae
1782 2978 2097 3027 devastarent
2135 2990 2183 3027 et
2223 2978 2381 3028 alium
2425 2995 2517 3046 pta-j

339 3050 609 3100 triarcham
651 3068 678 3099 a
722 3050 953 3100 Surianis
996 3050 1113 3115 eligi
1159 3052 1388 3101 facerent.
1443 3051 1727 3101 patriarcha
1770 3067 1904 3114 ver0,
1947 3067 2114 3116 quum
2153 3068 2213 3101 ex
2252 3051 2425 3102 litteris
2452 3053 2517 3102 ab

341 3125 582 3191 episcopo
597 3125 921 3190 Tripolitano
938 3125 1154 3191 acceptis
1169 3125 1515 3192 comperisset,
1531 3126 1726 3175 dictum
1740 3125 2040 3189 magistrum
2059 3125 2184 3174 olim
2196 3127 2516 3177 monachum

341 3198 390 3248 S.
421 3199 642 3265 Spiritus
670 3199 734 3247 de
763 3201 1020 3249 Panormo
1040 3199 1209 3262 fuisse,
1229 3200 1425 3249 curiam
1444 3199 1735 3249 Romanam
1754 3199 1874 3249 adiit
1892 3211 2084 3265 petenS,
2105 3212 2160 3249 ut
2176 3199 2258 3249 ille
2278 3199 2518 3266 magister

340 3286 387 3322 et
414 3273 696 3322 canonicus
741 3273 1044 3337 R(ogerius),
1085 3273 1175 3339 qui
1215 3274 1611 3325 concubinarius
1649 3273 1948 3325 manifestus
1988 3286 2037 3323 et
2075 3274 2140 3323 ad
2168 3273 2517 3324 devincendos

340 3347 642 3396 christianos
670 3359 786 3396 ante
817 3360 1039 3396 castrum
1067 3348 1333 3413 quoddam
1361 3349 1531 3413 lignea
1559 3348 1894 3399 instrumenta
1922 3347 2101 3398 fecisse
2129 3348 2406 3413 dicebatur,
2436 3356 2515 3397 re—

339 3419 584 3483 jiceretur.
639 3420 789 3482 Quae
816 3438 982 3486 quum
1008 3422 1074 3471 ita
1117 3422 1232 3485 sint,
1272 3440 1402 3488 papa
1441 3422 1751 3488 patriarchae
1779 3422 2254 3488 Hierosolymitano
2292 3422 2517 3485 mandat,

338 3508 394 3544 ut
422 3512 631 3545 causam
658 3495 885 3561 inquirat
912 3511 969 3544 ac
999 3496 1196 3545 decidat
1214 3496 1432 3559 (Baluze,
1459 3497 1552 3563 Ep.
1582 3497 1755 3547 Innoc.
1782 3496 1843 3558 11,
1867 3512 1916 3562 p.
1945 3497 2245 3560 104—106,
2271 3497 2369 3546 No.
2397 3497 2511 3556 186;

340 3570 636 3635 Migne,Ep.
665 3570 839 3619 Innoc.
870 3570 926 3633 II,
957 3586 1004 3635 p.
1045 3571 1416 3631 1278—1282,
1445 3571 1542 3620 No,
1580 3572 1705 3632 1863
1737 3570 1969 3620 Potthast
1997 3570 2098 3620 No.
2132 3569 2307 3637 3265).
2373 3567 2517 3618 827⁸

335 3696 348 3739 1
444 3640 614 3742 VRIDe
636 3639 782 3742 Pergo
805 3640 835 3689 I,
860 3639 898 3682 11
923 3649 967 3683 et
989 3639 1064 3692 ΙΙΙ,
1088 3639 1365 3697 patriarchis
1390 3639 1714 3693 Andochenis,
1754 3638 1813 3684 cf.
1836 3639 1938 3697 Rey
1970 3638 2017 3683 in
2038 3639 2200 3684 'Revue
2235 3639 2293 3684 de
2314 3639 2516 3684 l’Orient

360 3708 418 3741 at.
551 3732 563 3746 ,
586 3713 630 3756 p.
661 3713 706 3757 13
747 3713 902 3756 -r4n

483 3816 509 3839 „
587 3776 719 3826 Febr
755 3795 769 3826 1
787 3794 832 3842 3.
862 3776 1108 3826 Laterani.
1123 3804 1195 3815 ψ·-
1209 3778 1547 3828 Innocentius
1564 3778 1627 3827 III
1641 3777 1955 3841 (Albertum),
1969 3776 2306 3842 patriarcham
2323 3776 2513 3827 Hiero-

338 3850 708 3915 solymitanum
723 3867 778 3900 ac
789 3850 837 3901 S.
849 3855 909 3901 A.
923 3851 1163 3916 legatum,
1176 3864 1371 3916 monet,
1395 3865 1451 3901 ut
1461 3853 1523 3901 de
1535 3851 1870 3901 satisfactione
1882 3867 1970 3916 per
1983 3851 2403 3913 (Bohemundum
2415 3850 2516 3914 lv),
