<?xml version="1.0" encoding="UTF-8"?>
<!DOCTYPE html PUBLIC "-//W3C//DTD XHTML 1.0 Transitional//EN"
    "http://www.w3.org/TR/xhtml1/DTD/xhtml1-transitional.dtd">
<html xmlns="http://www.w3.org/1999/xhtml" xml:lang="en" lang="en">
 <head>
  <title>
</title>
<meta http-equiv="Content-Type" content="text/html;charset=utf-8" />
  <meta name='ocr-system' content='tesseract 3.04.00' />
  <meta name='ocr-capabilities' content='ocr_page ocr_carea ocr_par ocr_line ocrx_word'/>
</head>
<body>
  <div class='ocr_page' id='page_1' title='image "./registaregnihier00rhuoft_0357.png"; bbox 0 0 2684 4244; ppageno 0'>
   <div class='ocr_carea' id='block_1_1' title="bbox 956 130 2330 202">
    <p class='ocr_par' dir='ltr' id='par_1_1' title="bbox 956 130 2330 202">
     <span class='ocr_line' id='line_1_1' title="bbox 956 130 2330 202; baseline 0.003 -27"><span class='ocrx_word' id='word_1_1' title='bbox 956 130 1088 189; x_wconf 88' lang='lat' dir='ltr'>regni</span> <span class='ocrx_word' id='word_1_2' title='bbox 1111 130 1544 190; x_wconf 88' lang='lat' dir='ltr'>Hierosolymitani.</span> <span class='ocrx_word' id='word_1_3' title='bbox 2230 153 2330 202; x_wconf 74' lang='lat'>349</span> 
     </span>
    </p>
   </div>
   <div class='ocr_carea' id='block_1_2' title="bbox 159 314 2334 752">
    <p class='ocr_par' dir='ltr' id='par_1_2' title="bbox 159 314 2334 752">
     <span class='ocr_line' id='line_1_2' title="bbox 161 314 2331 380; baseline -0.001 -16"><span class='ocrx_word' id='word_1_4' title='bbox 161 314 374 365; x_wconf 86' lang='lat' dir='ltr'>aliarum</span> <span class='ocrx_word' id='word_1_5' title='bbox 419 331 591 364; x_wconf 88' lang='lat' dir='ltr'>rerum</span> <span class='ocrx_word' id='word_1_6' title='bbox 632 315 694 363; x_wconf 90' lang='lat' dir='ltr'>ad</span> <span class='ocrx_word' id='word_1_7' title='bbox 736 314 920 363; x_wconf 91' lang='lat' dir='ltr'>dictam</span> <span class='ocrx_word' id='word_1_8' title='bbox 967 314 1230 363; x_wconf 89' lang='lat' dir='ltr'>ecclesiam</span> <span class='ocrx_word' id='word_1_9' title='bbox 1271 314 1609 379; x_wconf 80' lang='lat' dir='ltr'>spectantium</span> <span class='ocrx_word' id='word_1_10' title='bbox 1650 315 1988 377; x_wconf 91' lang='lat' dir='ltr'>donaverunt,</span> <span class='ocrx_word' id='word_1_11' title='bbox 2031 314 2331 380; x_wconf 80' lang='lat' dir='ltr'>priusquam</span> 
     </span>
     <span class='ocr_line' id='line_1_3' title="bbox 161 388 2333 453; baseline -0.001 -15"><span class='ocrx_word' id='word_1_12' title='bbox 161 388 403 438; x_wconf 86' lang='lat' dir='ltr'>Rafaniae</span> <span class='ocrx_word' id='word_1_13' title='bbox 431 389 639 438; x_wconf 90' lang='lat' dir='ltr'>ecclesia</span> <span class='ocrx_word' id='word_1_14' title='bbox 668 401 716 438; x_wconf 90' lang='lat' dir='ltr'>et</span> <span class='ocrx_word' id='word_1_15' title='bbox 744 388 961 437; x_wconf 89' lang='lat' dir='ltr'>diocesis</span> <span class='ocrx_word' id='word_1_16' title='bbox 989 388 1356 437; x_wconf 88' lang='lat' dir='ltr'>Anteradensis</span> <span class='ocrx_word' id='word_1_17' title='bbox 1386 389 1636 452; x_wconf 91' lang='lat' dir='ltr'>uniretur,</span> <span class='ocrx_word' id='word_1_18' title='bbox 1668 406 1809 438; x_wconf 90' lang='lat' dir='ltr'>nunc</span> <span class='ocrx_word' id='word_1_19' title='bbox 1844 389 2092 453; x_wconf 82' lang='lat' dir='ltr'>indulget,</span> <span class='ocrx_word' id='word_1_20' title='bbox 2134 406 2198 437; x_wconf 88' lang='lat' dir='ltr'>ne</span> <span class='ocrx_word' id='word_1_21' title='bbox 2226 405 2333 437; x_wconf 90' lang='lat' dir='ltr'>ma-</span> 
     </span>
     <span class='ocr_line' id='line_1_4' title="bbox 159 462 2334 528; baseline -0.001 -16"><span class='ocrx_word' id='word_1_22' title='bbox 159 462 300 528; x_wconf 81' lang='lat' dir='ltr'>gistri</span> <span class='ocrx_word' id='word_1_23' title='bbox 320 476 367 512; x_wconf 89' lang='lat' dir='ltr'>et</span> <span class='ocrx_word' id='word_1_24' title='bbox 385 463 549 512; x_wconf 90' lang='lat' dir='ltr'>clerici</span> <span class='ocrx_word' id='word_1_25' title='bbox 569 462 807 512; x_wconf 84' lang='lat' dir='ltr'>antedicti</span> <span class='ocrx_word' id='word_1_26' title='bbox 826 462 1094 511; x_wconf 79' lang='lat' dir='ltr'>occasione</span> <span class='ocrx_word' id='word_1_27' title='bbox 1115 463 1426 526; x_wconf 79' lang='lat' dir='ltr'>donationiS,</span> <span class='ocrx_word' id='word_1_28' title='bbox 1445 463 1889 528; x_wconf 85' lang='lat' dir='ltr'>compositionum</span> <span class='ocrx_word' id='word_1_29' title='bbox 1910 475 1957 512; x_wconf 92' lang='lat' dir='ltr'>et</span> <span class='ocrx_word' id='word_1_30' title='bbox 1976 475 2334 512; x_wconf 79' lang='lat' dir='ltr'>contractuum</span> 
     </span>
     <span class='ocr_line' id='line_1_5' title="bbox 159 535 2332 602; baseline -0 -17"><span class='ocrx_word' id='word_1_31' title='bbox 159 535 316 601; x_wconf 89' lang='lat' dir='ltr'>hujus</span> <span class='ocrx_word' id='word_1_32' title='bbox 346 538 489 586; x_wconf 94' lang='lat' dir='ltr'>modi</span> <span class='ocrx_word' id='word_1_33' title='bbox 519 538 571 586; x_wconf 91' lang='lat' dir='ltr'>in</span> <span class='ocrx_word' id='word_1_34' title='bbox 600 536 813 601; x_wconf 87' lang='lat' dir='ltr'>juribus,</span> <span class='ocrx_word' id='word_1_35' title='bbox 836 553 966 602; x_wconf 88' lang='lat' dir='ltr'>quae</span> <span class='ocrx_word' id='word_1_36' title='bbox 988 553 1077 602; x_wconf 91' lang='lat' dir='ltr'>per</span> <span class='ocrx_word' id='word_1_37' title='bbox 1106 537 1359 586; x_wconf 88' lang='lat' dir='ltr'>unionem</span> <span class='ocrx_word' id='word_1_38' title='bbox 1389 537 1696 585; x_wconf 83' lang='lat' dir='ltr'>antedictam</span> <span class='ocrx_word' id='word_1_39' title='bbox 1724 538 1998 586; x_wconf 85' lang='lat' dir='ltr'>accrevisse</span> <span class='ocrx_word' id='word_1_40' title='bbox 2028 551 2332 600; x_wconf 89' lang='lat' dir='ltr'>noscuntur,</span> 
     </span>
     <span class='ocr_line' id='line_1_6' title="bbox 160 610 2334 676; baseline -0 -16"><span class='ocrx_word' id='word_1_41' title='bbox 160 610 264 660; x_wconf 91' lang='lat' dir='ltr'>sive</span> <span class='ocrx_word' id='word_1_42' title='bbox 292 610 346 660; x_wconf 91' lang='lat' dir='ltr'>in</span> <span class='ocrx_word' id='word_1_43' title='bbox 373 610 491 661; x_wconf 94' lang='lat' dir='ltr'>loco</span> <span class='ocrx_word' id='word_1_44' title='bbox 520 611 622 660; x_wconf 90' lang='lat' dir='ltr'>sive</span> <span class='ocrx_word' id='word_1_45' title='bbox 652 612 705 660; x_wconf 93' lang='lat' dir='ltr'>in</span> <span class='ocrx_word' id='word_1_46' title='bbox 735 611 954 660; x_wconf 90' lang='lat' dir='ltr'>dioecesi</span> <span class='ocrx_word' id='word_1_47' title='bbox 976 611 1272 660; x_wconf 88' lang='lat' dir='ltr'>Rafaniensi</span> <span class='ocrx_word' id='word_1_48' title='bbox 1300 611 1534 676; x_wconf 79' lang='lat' dir='ltr'>praefatis</span> <span class='ocrx_word' id='word_1_49' title='bbox 1564 612 1688 675; x_wconf 91' lang='lat' dir='ltr'>quid</span> <span class='ocrx_word' id='word_1_50' title='bbox 1721 610 1843 675; x_wconf 85' lang='lat' dir='ltr'>juris</span> <span class='ocrx_word' id='word_1_51' title='bbox 1861 612 2060 660; x_wconf 90' lang='lat' dir='ltr'>valeant</span> <span class='ocrx_word' id='word_1_52' title='bbox 2078 611 2334 660; x_wconf 87' lang='lat' dir='ltr'>vindicare</span> 
     </span>
     <span class='ocr_line' id='line_1_7' title="bbox 160 683 2333 752; baseline -0.001 -18"><span class='ocrx_word' id='word_1_53' title='bbox 160 684 411 748; x_wconf 86' lang='lat' dir='ltr'>(Sbaralea</span> <span class='ocrx_word' id='word_1_54' title='bbox 440 686 496 751; x_wconf 89' lang='lat' dir='ltr'>ll,</span> <span class='ocrx_word' id='word_1_55' title='bbox 526 702 574 752; x_wconf 90' lang='lat' dir='ltr'>p.</span> <span class='ocrx_word' id='word_1_56' title='bbox 611 687 915 750; x_wconf 81' lang='lat'>559—560,</span> <span class='ocrx_word' id='word_1_57' title='bbox 946 686 1043 734; x_wconf 87' lang='lat' dir='ltr'>No.</span> <span class='ocrx_word' id='word_1_58' title='bbox 1084 703 1171 750; x_wconf 87' lang='lat'>151</span> <span class='ocrx_word' id='word_1_59' title='bbox 1197 702 1207 747; x_wconf 80' lang='lat'><em>3</em></span> <span class='ocrx_word' id='word_1_60' title='bbox 1251 686 1495 750; x_wconf 86' lang='lat' dir='ltr'>Potthast,</span> <span class='ocrx_word' id='word_1_61' title='bbox 1526 686 1625 735; x_wconf 89' lang='lat' dir='ltr'>No.</span> <span class='ocrx_word' id='word_1_62' title='bbox 1668 686 1880 750; x_wconf 81' lang='lat'>18927).</span> <span class='ocrx_word' id='word_1_63' title='bbox 2186 683 2333 732; x_wconf 83' lang='lat'>1332</span> 
     </span>
    </p>
   </div>
   <div class='ocr_carea' id='block_1_3' title="bbox 155 773 2337 2479">
    <p class='ocr_par' dir='ltr' id='par_1_3' title="bbox 155 773 2337 2479">
     <span class='ocr_line' id='line_1_8' title="bbox 240 773 2335 841; baseline 0.001 -20"><span class='ocrx_word' id='word_1_64' title='bbox 240 773 389 822; x_wconf 86' lang='lat'>1264</span> <span class='ocrx_word' id='word_1_65' title='bbox 417 779 550 839; x_wconf 95' lang='lat' dir='ltr'>Aug.</span> <span class='ocrx_word' id='word_1_66' title='bbox 582 776 629 839; x_wconf 82' lang='lat'>8,</span> <span class='ocrx_word' id='word_1_67' title='bbox 660 776 766 824; x_wconf 94' lang='lat' dir='ltr'>ind.</span> <span class='ocrx_word' id='word_1_68' title='bbox 798 775 902 826; x_wconf 91' lang='lat' dir='ltr'><strong>VII.</strong></span> <span class='ocrx_word' id='word_1_69' title='bbox 946 775 1253 824; x_wconf 86' lang='lat' dir='ltr'>Antiochiae</span> <span class='ocrx_word' id='word_1_70' title='bbox 1283 774 1336 823; x_wconf 91' lang='lat' dir='ltr'>in</span> <span class='ocrx_word' id='word_1_71' title='bbox 1366 775 1526 825; x_wconf 93' lang='lat' dir='ltr'>domo</span> <span class='ocrx_word' id='word_1_72' title='bbox 1554 775 1726 824; x_wconf 89' lang='lat' dir='ltr'>vicarii</span> <span class='ocrx_word' id='word_1_73' title='bbox 1756 775 2083 841; x_wconf 86' lang='lat' dir='ltr'>patriarchae.</span> <span class='ocrx_word' id='word_1_74' title='bbox 2113 804 2185 809; x_wconf 90' lang='lat'>——</span> <span class='ocrx_word' id='word_1_75' title='bbox 2214 777 2335 824; x_wconf 85' lang='lat' dir='ltr'>Bar-</span> 
     </span>
     <span class='ocr_line' id='line_1_9' title="bbox 159 848 2333 916; baseline 0 -18"><span class='ocrx_word' id='word_1_76' title='bbox 159 848 504 913; x_wconf 81' lang='lat' dir='ltr'>tholomaeuS,</span> <span class='ocrx_word' id='word_1_77' title='bbox 535 850 928 899; x_wconf 89' lang='lat' dir='ltr'>archidiaconus</span> <span class='ocrx_word' id='word_1_78' title='bbox 956 850 1332 914; x_wconf 84' lang='lat' dir='ltr'>AntiochenuS,</span> <span class='ocrx_word' id='word_1_79' title='bbox 1364 849 1631 915; x_wconf 90' lang='lat' dir='ltr'>Opizonis,</span> <span class='ocrx_word' id='word_1_80' title='bbox 1662 850 1973 916; x_wconf 88' lang='lat' dir='ltr'>patriarchae</span> <span class='ocrx_word' id='word_1_81' title='bbox 2002 850 2333 913; x_wconf 90' lang='lat' dir='ltr'>Antiocheni,</span> 
     </span>
     <span class='ocr_line' id='line_1_10' title="bbox 158 923 2337 990; baseline 0 -19"><span class='ocrx_word' id='word_1_82' title='bbox 158 923 390 987; x_wconf 90' lang='lat' dir='ltr'>vicarius,</span> <span class='ocrx_word' id='word_1_83' title='bbox 429 924 830 973; x_wconf 90' lang='lat' dir='ltr'>controversiam</span> <span class='ocrx_word' id='word_1_84' title='bbox 869 924 999 972; x_wconf 91' lang='lat' dir='ltr'>inter</span> <span class='ocrx_word' id='word_1_85' title='bbox 1039 925 1304 987; x_wconf 89' lang='lat' dir='ltr'>Jacobum,</span> <span class='ocrx_word' id='word_1_86' title='bbox 1346 923 1395 973; x_wconf 99' lang='lat' dir='ltr'>S.</span> <span class='ocrx_word' id='word_1_87' title='bbox 1430 923 1618 972; x_wconf 90' lang='lat' dir='ltr'>Mariae</span> <span class='ocrx_word' id='word_1_88' title='bbox 1648 925 1711 973; x_wconf 93' lang='lat' dir='ltr'>de</span> <span class='ocrx_word' id='word_1_89' title='bbox 1738 925 1979 990; x_wconf 89' lang='lat' dir='ltr'>Josaphat</span> <span class='ocrx_word' id='word_1_90' title='bbox 2006 925 2257 987; x_wconf 78' lang='lat' dir='ltr'>abbatem,</span> <span class='ocrx_word' id='word_1_91' title='bbox 2289 936 2337 973; x_wconf 92' lang='lat' dir='ltr'>et</span> 
     </span>
     <span class='ocr_line' id='line_1_11' title="bbox 159 997 2333 1062; baseline 0 -16"><span class='ocrx_word' id='word_1_92' title='bbox 159 997 442 1058; x_wconf 78' lang='lat' dir='ltr'>phemiam,</span> <span class='ocrx_word' id='word_1_93' title='bbox 485 998 534 1047; x_wconf 91' lang='lat' dir='ltr'>S.</span> <span class='ocrx_word' id='word_1_94' title='bbox 566 998 738 1047; x_wconf 89' lang='lat' dir='ltr'>Lazari</span> <span class='ocrx_word' id='word_1_95' title='bbox 769 998 1077 1047; x_wconf 89' lang='lat' dir='ltr'>monialium</span> <span class='ocrx_word' id='word_1_96' title='bbox 1107 999 1169 1047; x_wconf 94' lang='lat' dir='ltr'>de</span> <span class='ocrx_word' id='word_1_97' title='bbox 1199 998 1475 1047; x_wconf 85' lang='lat' dir='ltr'>Antiochia</span> <span class='ocrx_word' id='word_1_98' title='bbox 1515 999 1835 1062; x_wconf 79' lang='lat' dir='ltr'>abbatissam,</span> <span class='ocrx_word' id='word_1_99' title='bbox 1867 1012 2030 1047; x_wconf 90' lang='lat' dir='ltr'>ortam</span> <span class='ocrx_word' id='word_1_100' title='bbox 2058 997 2243 1047; x_wconf 90' lang='lat' dir='ltr'>scilicet</span> <span class='ocrx_word' id='word_1_101' title='bbox 2272 1000 2333 1047; x_wconf 91' lang='lat' dir='ltr'>de</span> 
     </span>
     <span class='ocr_line' id='line_1_12' title="bbox 157 1072 2333 1139; baseline 0 -18"><span class='ocrx_word' id='word_1_102' title='bbox 157 1072 292 1138; x_wconf 92' lang='lat' dir='ltr'>petia</span> <span class='ocrx_word' id='word_1_103' title='bbox 319 1085 478 1122; x_wconf 88' lang='lat' dir='ltr'>terrae</span> <span class='ocrx_word' id='word_1_104' title='bbox 508 1072 562 1122; x_wconf 91' lang='lat' dir='ltr'>in</span> <span class='ocrx_word' id='word_1_105' title='bbox 591 1073 817 1138; x_wconf 91' lang='lat' dir='ltr'>partibus</span> <span class='ocrx_word' id='word_1_106' title='bbox 846 1073 1150 1122; x_wconf 88' lang='lat' dir='ltr'>Antiochiae</span> <span class='ocrx_word' id='word_1_107' title='bbox 1190 1088 1350 1139; x_wconf 92' lang='lat' dir='ltr'>prope</span> <span class='ocrx_word' id='word_1_108' title='bbox 1389 1072 1609 1137; x_wconf 89' lang='lat' dir='ltr'>gastinas</span> <span class='ocrx_word' id='word_1_109' title='bbox 1650 1072 1840 1122; x_wconf 86' lang='lat' dir='ltr'>Suffiae</span> <span class='ocrx_word' id='word_1_110' title='bbox 1871 1086 1917 1122; x_wconf 92' lang='lat' dir='ltr'>et</span> <span class='ocrx_word' id='word_1_111' title='bbox 1944 1073 2191 1122; x_wconf 87' lang='lat' dir='ltr'>Lavedon</span> <span class='ocrx_word' id='word_1_112' title='bbox 2227 1073 2333 1137; x_wconf 89' lang='lat' dir='ltr'>sita,</span> 
     </span>
     <span class='ocr_line' id='line_1_13' title="bbox 158 1146 2336 1213; baseline 0 -18"><span class='ocrx_word' id='word_1_113' title='bbox 158 1161 274 1211; x_wconf 93' lang='lat' dir='ltr'>suo,</span> <span class='ocrx_word' id='word_1_114' title='bbox 305 1146 497 1196; x_wconf 89' lang='lat' dir='ltr'>abbatis</span> <span class='ocrx_word' id='word_1_115' title='bbox 526 1160 572 1196; x_wconf 93' lang='lat' dir='ltr'>et</span> <span class='ocrx_word' id='word_1_116' title='bbox 600 1147 876 1196; x_wconf 88' lang='lat' dir='ltr'>abbatissae</span> <span class='ocrx_word' id='word_1_117' title='bbox 906 1146 1082 1211; x_wconf 82' lang='lat' dir='ltr'>sigillis</span> <span class='ocrx_word' id='word_1_118' title='bbox 1111 1147 1356 1213; x_wconf 87' lang='lat' dir='ltr'>appositis</span> <span class='ocrx_word' id='word_1_119' title='bbox 1386 1146 1602 1206; x_wconf 87' lang='lat' dir='ltr'>dirimit;</span> <span class='ocrx_word' id='word_1_120' title='bbox 1634 1147 1755 1196; x_wconf 89' lang='lat' dir='ltr'>huic</span> <span class='ocrx_word' id='word_1_121' title='bbox 1772 1163 1893 1196; x_wconf 89' lang='lat' dir='ltr'>vero</span> <span class='ocrx_word' id='word_1_122' title='bbox 1914 1146 2074 1212; x_wconf 89' lang='lat' dir='ltr'>petiae</span> <span class='ocrx_word' id='word_1_123' title='bbox 2093 1147 2336 1211; x_wconf 91' lang='lat' dir='ltr'>contigua</span> 
     </span>
     <span class='ocr_line' id='line_1_14' title="bbox 158 1221 2335 1286; baseline 0.001 -17"><span class='ocrx_word' id='word_1_124' title='bbox 158 1234 232 1270; x_wconf 92' lang='lat' dir='ltr'>est</span> <span class='ocrx_word' id='word_1_125' title='bbox 259 1222 320 1270; x_wconf 91' lang='lat' dir='ltr'>ab</span> <span class='ocrx_word' id='word_1_126' title='bbox 350 1221 545 1271; x_wconf 91' lang='lat' dir='ltr'>oriente</span> <span class='ocrx_word' id='word_1_127' title='bbox 575 1236 703 1270; x_wconf 91' lang='lat' dir='ltr'>terra</span> <span class='ocrx_word' id='word_1_128' title='bbox 723 1221 930 1286; x_wconf 88' lang='lat' dir='ltr'>Suffiae,</span> <span class='ocrx_word' id='word_1_129' title='bbox 952 1238 1083 1286; x_wconf 86' lang='lat' dir='ltr'>quae</span> <span class='ocrx_word' id='word_1_130' title='bbox 1113 1235 1185 1270; x_wconf 91' lang='lat' dir='ltr'>est</span> <span class='ocrx_word' id='word_1_131' title='bbox 1213 1222 1510 1270; x_wconf 90' lang='lat' dir='ltr'>monasterii</span> <span class='ocrx_word' id='word_1_132' title='bbox 1543 1221 1592 1271; x_wconf 88' lang='lat' dir='ltr'>S.</span> <span class='ocrx_word' id='word_1_133' title='bbox 1615 1221 1806 1271; x_wconf 88' lang='lat' dir='ltr'>Mariae</span> <span class='ocrx_word' id='word_1_134' title='bbox 1836 1222 1899 1270; x_wconf 91' lang='lat' dir='ltr'>de</span> <span class='ocrx_word' id='word_1_135' title='bbox 1929 1221 2102 1285; x_wconf 91' lang='lat' dir='ltr'>Ferro,</span> <span class='ocrx_word' id='word_1_136' title='bbox 2134 1234 2180 1270; x_wconf 92' lang='lat' dir='ltr'>et</span> <span class='ocrx_word' id='word_1_137' title='bbox 2207 1235 2335 1271; x_wconf 89' lang='lat' dir='ltr'>terra</span> 
     </span>
     <span class='ocr_line' id='line_1_15' title="bbox 157 1295 2334 1361; baseline 0 -17"><span class='ocrx_word' id='word_1_138' title='bbox 157 1295 352 1344; x_wconf 90' lang='lat' dir='ltr'>Terrici</span> <span class='ocrx_word' id='word_1_139' title='bbox 397 1297 459 1345; x_wconf 91' lang='lat' dir='ltr'>de</span> <span class='ocrx_word' id='word_1_140' title='bbox 505 1297 734 1360; x_wconf 90' lang='lat' dir='ltr'>Moneta,</span> <span class='ocrx_word' id='word_1_141' title='bbox 779 1312 911 1361; x_wconf 89' lang='lat' dir='ltr'>quae</span> <span class='ocrx_word' id='word_1_142' title='bbox 956 1311 1064 1344; x_wconf 92' lang='lat' dir='ltr'>non</span> <span class='ocrx_word' id='word_1_143' title='bbox 1109 1309 1181 1345; x_wconf 89' lang='lat' dir='ltr'>est</span> <span class='ocrx_word' id='word_1_144' title='bbox 1224 1295 1492 1346; x_wconf 91' lang='lat' dir='ltr'>Guillelmi</span> <span class='ocrx_word' id='word_1_145' title='bbox 1537 1295 1790 1360; x_wconf 89' lang='lat' dir='ltr'>Manselli,</span> <span class='ocrx_word' id='word_1_146' title='bbox 1836 1308 1885 1345; x_wconf 92' lang='lat' dir='ltr'>et</span> <span class='ocrx_word' id='word_1_147' title='bbox 1924 1296 2001 1344; x_wconf 86' lang='lat' dir='ltr'>via</span> <span class='ocrx_word' id='word_1_148' title='bbox 2041 1296 2236 1344; x_wconf 90' lang='lat' dir='ltr'>ducens</span> <span class='ocrx_word' id='word_1_149' title='bbox 2273 1297 2334 1345; x_wconf 90' lang='lat' dir='ltr'>ad</span> 
     </span>
     <span class='ocr_line' id='line_1_16' title="bbox 158 1370 2335 1435; baseline -0 -16"><span class='ocrx_word' id='word_1_150' title='bbox 158 1370 523 1419; x_wconf 90' lang='lat' dir='ltr'>molendinum</span> <span class='ocrx_word' id='word_1_151' title='bbox 579 1370 802 1419; x_wconf 90' lang='lat' dir='ltr'>Lebebie</span> <span class='ocrx_word' id='word_1_152' title='bbox 847 1383 894 1419; x_wconf 91' lang='lat' dir='ltr'>et</span> <span class='ocrx_word' id='word_1_153' title='bbox 936 1370 1180 1435; x_wconf 88' lang='lat' dir='ltr'>antiquus</span> <span class='ocrx_word' id='word_1_154' title='bbox 1236 1370 1454 1419; x_wconf 85' lang='lat' dir='ltr'>fossatus</span> <span class='ocrx_word' id='word_1_155' title='bbox 1508 1371 1702 1434; x_wconf 89' lang='lat' dir='ltr'>vineae,</span> <span class='ocrx_word' id='word_1_156' title='bbox 1749 1386 1882 1435; x_wconf 88' lang='lat' dir='ltr'>quae</span> <span class='ocrx_word' id='word_1_157' title='bbox 1927 1370 2022 1419; x_wconf 90' lang='lat' dir='ltr'>fuit</span> <span class='ocrx_word' id='word_1_158' title='bbox 2065 1371 2335 1435; x_wconf 89' lang='lat' dir='ltr'>quondam</span> 
     </span>
     <span class='ocr_line' id='line_1_17' title="bbox 158 1443 2335 1494; baseline -0 0"><span class='ocrx_word' id='word_1_159' title='bbox 158 1443 424 1494; x_wconf 91' lang='lat' dir='ltr'>Guillelmi</span> <span class='ocrx_word' id='word_1_160' title='bbox 465 1445 527 1493; x_wconf 93' lang='lat' dir='ltr'>de</span> <span class='ocrx_word' id='word_1_161' title='bbox 570 1444 742 1494; x_wconf 89' lang='lat' dir='ltr'>Melfia</span> <span class='ocrx_word' id='word_1_162' title='bbox 781 1445 1099 1494; x_wconf 91' lang='lat' dir='ltr'>descendens</span> <span class='ocrx_word' id='word_1_163' title='bbox 1139 1462 1165 1493; x_wconf 90' lang='lat' dir='ltr'>a</span> <span class='ocrx_word' id='word_1_164' title='bbox 1200 1445 1490 1494; x_wconf 90' lang='lat' dir='ltr'>summitate</span> <span class='ocrx_word' id='word_1_165' title='bbox 1530 1445 1729 1494; x_wconf 89' lang='lat' dir='ltr'>toronis</span> <span class='ocrx_word' id='word_1_166' title='bbox 1769 1446 1831 1494; x_wconf 93' lang='lat' dir='ltr'>de</span> <span class='ocrx_word' id='word_1_167' title='bbox 1871 1444 1918 1493; x_wconf 88' lang='lat' dir='ltr'>la</span> <span class='ocrx_word' id='word_1_168' title='bbox 1953 1444 2120 1494; x_wconf 88' lang='lat' dir='ltr'>Sciara</span> <span class='ocrx_word' id='word_1_169' title='bbox 2159 1461 2335 1494; x_wconf 87' lang='lat' dir='ltr'>versus</span> 
     </span>
     <span class='ocr_line' id='line_1_18' title="bbox 158 1518 2335 1584; baseline 0 -17"><span class='ocrx_word' id='word_1_170' title='bbox 158 1518 467 1584; x_wconf 90' lang='lat' dir='ltr'>praedictam</span> <span class='ocrx_word' id='word_1_171' title='bbox 496 1532 681 1568; x_wconf 90' lang='lat' dir='ltr'>terram</span> <span class='ocrx_word' id='word_1_172' title='bbox 708 1519 974 1570; x_wconf 87' lang='lat' dir='ltr'>Guillelmi</span> <span class='ocrx_word' id='word_1_173' title='bbox 1004 1519 1254 1584; x_wconf 90' lang='lat' dir='ltr'>Manselli,</span> <span class='ocrx_word' id='word_1_174' title='bbox 1283 1521 1343 1568; x_wconf 92' lang='lat' dir='ltr'>ab</span> <span class='ocrx_word' id='word_1_175' title='bbox 1373 1519 1638 1568; x_wconf 90' lang='lat' dir='ltr'>occidente</span> <span class='ocrx_word' id='word_1_176' title='bbox 1669 1519 1865 1569; x_wconf 87' lang='lat' dir='ltr'>flumen</span> <span class='ocrx_word' id='word_1_177' title='bbox 1895 1519 2035 1568; x_wconf 87' lang='lat' dir='ltr'>Ferri</span> <span class='ocrx_word' id='word_1_178' title='bbox 2064 1532 2111 1568; x_wconf 92' lang='lat' dir='ltr'>et</span> <span class='ocrx_word' id='word_1_179' title='bbox 2138 1519 2335 1568; x_wconf 92' lang='lat' dir='ltr'>rivulus</span> 
     </span>
     <span class='ocr_line' id='line_1_19' title="bbox 156 1592 2335 1659; baseline 0 -18"><span class='ocrx_word' id='word_1_180' title='bbox 156 1592 371 1658; x_wconf 89' lang='lat' dir='ltr'>primus,</span> <span class='ocrx_word' id='word_1_181' title='bbox 402 1593 494 1659; x_wconf 91' lang='lat' dir='ltr'>qui</span> <span class='ocrx_word' id='word_1_182' title='bbox 534 1594 795 1642; x_wconf 90' lang='lat' dir='ltr'>descendit</span> <span class='ocrx_word' id='word_1_183' title='bbox 823 1594 885 1642; x_wconf 93' lang='lat' dir='ltr'>de</span> <span class='ocrx_word' id='word_1_184' title='bbox 914 1593 1173 1659; x_wconf 89' lang='lat' dir='ltr'>praedicto</span> <span class='ocrx_word' id='word_1_185' title='bbox 1213 1606 1397 1643; x_wconf 87' lang='lat' dir='ltr'>torone</span> <span class='ocrx_word' id='word_1_186' title='bbox 1426 1594 1479 1642; x_wconf 89' lang='lat' dir='ltr'>in</span> <span class='ocrx_word' id='word_1_187' title='bbox 1509 1594 1706 1643; x_wconf 89' lang='lat' dir='ltr'>fiumen</span> <span class='ocrx_word' id='word_1_188' title='bbox 1734 1594 1892 1657; x_wconf 88' lang='lat' dir='ltr'>Ferri,</span> <span class='ocrx_word' id='word_1_189' title='bbox 1922 1611 1948 1642; x_wconf 94' lang='lat' dir='ltr'>a</span> <span class='ocrx_word' id='word_1_190' title='bbox 1978 1594 2190 1642; x_wconf 90' lang='lat' dir='ltr'>meridie</span> <span class='ocrx_word' id='word_1_191' title='bbox 2220 1594 2335 1659; x_wconf 89' lang='lat' dir='ltr'>qui—</span> 
     </span>
     <span class='ocr_line' id='line_1_20' title="bbox 157 1667 2336 1734; baseline 0 -18"><span class='ocrx_word' id='word_1_192' title='bbox 157 1668 276 1716; x_wconf 90' lang='lat' dir='ltr'>dam</span> <span class='ocrx_word' id='word_1_193' title='bbox 317 1667 536 1717; x_wconf 90' lang='lat' dir='ltr'>fossatus</span> <span class='ocrx_word' id='word_1_194' title='bbox 576 1668 722 1717; x_wconf 90' lang='lat' dir='ltr'>istam</span> <span class='ocrx_word' id='word_1_195' title='bbox 763 1668 950 1734; x_wconf 89' lang='lat' dir='ltr'>petiam</span> <span class='ocrx_word' id='word_1_196' title='bbox 991 1670 1052 1717; x_wconf 90' lang='lat' dir='ltr'>ab</span> <span class='ocrx_word' id='word_1_197' title='bbox 1093 1668 1187 1717; x_wconf 92' lang='lat' dir='ltr'>alia</span> <span class='ocrx_word' id='word_1_198' title='bbox 1228 1668 1478 1733; x_wconf 89' lang='lat' dir='ltr'>dividens,</span> <span class='ocrx_word' id='word_1_199' title='bbox 1517 1685 1649 1734; x_wconf 88' lang='lat' dir='ltr'>quae</span> <span class='ocrx_word' id='word_1_200' title='bbox 1693 1681 1767 1717; x_wconf 91' lang='lat' dir='ltr'>est</span> <span class='ocrx_word' id='word_1_201' title='bbox 1810 1669 1976 1717; x_wconf 90' lang='lat' dir='ltr'>eidem</span> <span class='ocrx_word' id='word_1_202' title='bbox 2022 1669 2336 1717; x_wconf 91' lang='lat' dir='ltr'>monasterio</span> 
     </span>
     <span class='ocr_line' id='line_1_21' title="bbox 157 1741 2336 1808; baseline 0 -18"><span class='ocrx_word' id='word_1_203' title='bbox 157 1741 205 1791; x_wconf 90' lang='lat' dir='ltr'>S.</span> <span class='ocrx_word' id='word_1_204' title='bbox 233 1742 409 1791; x_wconf 90' lang='lat' dir='ltr'>Lazari</span> <span class='ocrx_word' id='word_1_205' title='bbox 449 1755 497 1791; x_wconf 92' lang='lat' dir='ltr'>et</span> <span class='ocrx_word' id='word_1_206' title='bbox 535 1756 607 1791; x_wconf 92' lang='lat' dir='ltr'>est</span> <span class='ocrx_word' id='word_1_207' title='bbox 645 1755 761 1792; x_wconf 88' lang='lat' dir='ltr'>ante</span> <span class='ocrx_word' id='word_1_208' title='bbox 802 1742 982 1791; x_wconf 89' lang='lat' dir='ltr'>turrim</span> <span class='ocrx_word' id='word_1_209' title='bbox 1024 1742 1199 1791; x_wconf 90' lang='lat' dir='ltr'>casalis</span> <span class='ocrx_word' id='word_1_210' title='bbox 1238 1743 1476 1808; x_wconf 90' lang='lat' dir='ltr'>Lebebie,</span> <span class='ocrx_word' id='word_1_211' title='bbox 1518 1744 1661 1808; x_wconf 88' lang='lat' dir='ltr'>quod</span> <span class='ocrx_word' id='word_1_212' title='bbox 1705 1742 1834 1792; x_wconf 91' lang='lat' dir='ltr'>ultra</span> <span class='ocrx_word' id='word_1_213' title='bbox 1874 1742 2072 1792; x_wconf 86' lang='lat' dir='ltr'>fiumen</span> <span class='ocrx_word' id='word_1_214' title='bbox 2113 1743 2251 1791; x_wconf 90' lang='lat' dir='ltr'>Ferri</span> <span class='ocrx_word' id='word_1_215' title='bbox 2290 1756 2336 1791; x_wconf 94' lang='lat' dir='ltr'>et</span> 
     </span>
     <span class='ocr_line' id='line_1_22' title="bbox 156 1817 2336 1883; baseline 0.001 -19"><span class='ocrx_word' id='word_1_216' title='bbox 156 1817 453 1866; x_wconf 92' lang='lat' dir='ltr'>monasterii</span> <span class='ocrx_word' id='word_1_217' title='bbox 482 1817 544 1866; x_wconf 91' lang='lat' dir='ltr'>de</span> <span class='ocrx_word' id='word_1_218' title='bbox 564 1817 741 1866; x_wconf 90' lang='lat' dir='ltr'>Arsaia</span> <span class='ocrx_word' id='word_1_219' title='bbox 769 1830 857 1879; x_wconf 93' lang='lat' dir='ltr'>est,</span> <span class='ocrx_word' id='word_1_220' title='bbox 888 1834 915 1866; x_wconf 93' lang='lat' dir='ltr'>a</span> <span class='ocrx_word' id='word_1_221' title='bbox 943 1817 1289 1883; x_wconf 89' lang='lat' dir='ltr'>septentrione</span> <span class='ocrx_word' id='word_1_222' title='bbox 1320 1830 1392 1866; x_wconf 88' lang='lat' dir='ltr'>est</span> <span class='ocrx_word' id='word_1_223' title='bbox 1421 1817 1638 1867; x_wconf 90' lang='lat' dir='ltr'>fossatus</span> <span class='ocrx_word' id='word_1_224' title='bbox 1666 1817 1928 1883; x_wconf 90' lang='lat' dir='ltr'>antiquus,</span> <span class='ocrx_word' id='word_1_225' title='bbox 1960 1818 2102 1882; x_wconf 90' lang='lat' dir='ltr'>quod</span> <span class='ocrx_word' id='word_1_226' title='bbox 2134 1817 2233 1879; x_wconf 82' lang='lat' dir='ltr'>(sic)</span> <span class='ocrx_word' id='word_1_227' title='bbox 2264 1831 2336 1866; x_wconf 90' lang='lat' dir='ltr'>est</span> 
     </span>
     <span class='ocr_line' id='line_1_23' title="bbox 156 1891 2335 1958; baseline 0 -18"><span class='ocrx_word' id='word_1_228' title='bbox 156 1891 209 1939; x_wconf 90' lang='lat' dir='ltr'>in</span> <span class='ocrx_word' id='word_1_229' title='bbox 249 1891 542 1940; x_wconf 90' lang='lat' dir='ltr'>summitate</span> <span class='ocrx_word' id='word_1_230' title='bbox 583 1892 825 1958; x_wconf 88' lang='lat' dir='ltr'>praedicti</span> <span class='ocrx_word' id='word_1_231' title='bbox 864 1892 1061 1940; x_wconf 87' lang='lat' dir='ltr'>toronis</span> <span class='ocrx_word' id='word_1_232' title='bbox 1103 1892 1164 1940; x_wconf 93' lang='lat' dir='ltr'>de</span> <span class='ocrx_word' id='word_1_233' title='bbox 1204 1892 1250 1940; x_wconf 90' lang='lat' dir='ltr'>la</span> <span class='ocrx_word' id='word_1_234' title='bbox 1290 1891 1473 1956; x_wconf 89' lang='lat' dir='ltr'>Sciara,</span> <span class='ocrx_word' id='word_1_235' title='bbox 1515 1892 1603 1957; x_wconf 85' lang='lat' dir='ltr'>qui</span> <span class='ocrx_word' id='word_1_236' title='bbox 1644 1891 1821 1957; x_wconf 90' lang='lat' dir='ltr'>incipit</span> <span class='ocrx_word' id='word_1_237' title='bbox 1859 1909 1885 1940; x_wconf 93' lang='lat' dir='ltr'>a</span> <span class='ocrx_word' id='word_1_238' title='bbox 1925 1892 2035 1941; x_wconf 90' lang='lat' dir='ltr'>rivo</span> <span class='ocrx_word' id='word_1_239' title='bbox 2076 1893 2335 1957; x_wconf 87' lang='lat' dir='ltr'>praedicto</span> 
     </span>
     <span class='ocr_line' id='line_1_24' title="bbox 156 1965 2337 2032; baseline 0 -18"><span class='ocrx_word' id='word_1_240' title='bbox 156 1965 369 2015; x_wconf 90' lang='lat' dir='ltr'>veniens</span> <span class='ocrx_word' id='word_1_241' title='bbox 398 1982 573 2015; x_wconf 90' lang='lat' dir='ltr'>versus</span> <span class='ocrx_word' id='word_1_242' title='bbox 614 1965 866 2015; x_wconf 83' lang='lat' dir='ltr'>orientem</span> <span class='ocrx_word' id='word_1_243' title='bbox 897 1982 1061 2031; x_wconf 89' lang='lat' dir='ltr'>usque</span> <span class='ocrx_word' id='word_1_244' title='bbox 1091 1967 1153 2014; x_wconf 91' lang='lat' dir='ltr'>ad</span> <span class='ocrx_word' id='word_1_245' title='bbox 1183 1967 1548 2016; x_wconf 85' lang='lat' dir='ltr'>extremitatem</span> <span class='ocrx_word' id='word_1_246' title='bbox 1578 1967 1739 2032; x_wconf 90' lang='lat' dir='ltr'>ipsius</span> <span class='ocrx_word' id='word_1_247' title='bbox 1767 1966 1968 2015; x_wconf 90' lang='lat' dir='ltr'>toronis</span> <span class='ocrx_word' id='word_1_248' title='bbox 1997 1980 2044 2015; x_wconf 93' lang='lat' dir='ltr'>et</span> <span class='ocrx_word' id='word_1_249' title='bbox 2073 1966 2337 2015; x_wconf 88' lang='lat' dir='ltr'>descendit</span> 
     </span>
     <span class='ocr_line' id='line_1_25' title="bbox 155 2040 2333 2107; baseline 0.001 -19"><span class='ocrx_word' id='word_1_250' title='bbox 155 2056 332 2089; x_wconf 91' lang='lat' dir='ltr'>versus</span> <span class='ocrx_word' id='word_1_251' title='bbox 361 2040 647 2104; x_wconf 91' lang='lat' dir='ltr'>meridiem,</span> <span class='ocrx_word' id='word_1_252' title='bbox 679 2040 769 2106; x_wconf 90' lang='lat' dir='ltr'>qui</span> <span class='ocrx_word' id='word_1_253' title='bbox 809 2053 912 2089; x_wconf 89' lang='lat' dir='ltr'>erat</span> <span class='ocrx_word' id='word_1_254' title='bbox 951 2041 1195 2106; x_wconf 88' lang='lat' dir='ltr'>antiquus</span> <span class='ocrx_word' id='word_1_255' title='bbox 1236 2041 1453 2090; x_wconf 84' lang='lat' dir='ltr'>fossatus</span> <span class='ocrx_word' id='word_1_256' title='bbox 1493 2041 1669 2090; x_wconf 90' lang='lat' dir='ltr'>vineae</span> <span class='ocrx_word' id='word_1_257' title='bbox 1699 2041 1943 2107; x_wconf 91' lang='lat' dir='ltr'>praedicti</span> <span class='ocrx_word' id='word_1_258' title='bbox 1973 2040 2242 2091; x_wconf 91' lang='lat' dir='ltr'>Guillelmi</span> <span class='ocrx_word' id='word_1_259' title='bbox 2272 2042 2333 2090; x_wconf 90' lang='lat' dir='ltr'>de</span> 
     </span>
     <span class='ocr_line' id='line_1_26' title="bbox 157 2113 2334 2181; baseline 0 -17"><span class='ocrx_word' id='word_1_260' title='bbox 157 2113 345 2164; x_wconf 90' lang='lat' dir='ltr'>Melfia.</span> <span class='ocrx_word' id='word_1_261' title='bbox 374 2143 447 2149; x_wconf 92' lang='lat'>--</span> <span class='ocrx_word' id='word_1_262' title='bbox 474 2114 733 2179; x_wconf 89' lang='lat' dir='ltr'>Albertus,</span> <span class='ocrx_word' id='word_1_263' title='bbox 765 2115 905 2181; x_wconf 89' lang='lat' dir='ltr'>prior</span> <span class='ocrx_word' id='word_1_264' title='bbox 933 2116 1123 2165; x_wconf 91' lang='lat' dir='ltr'>domus</span> <span class='ocrx_word' id='word_1_265' title='bbox 1152 2115 1358 2164; x_wconf 89' lang='lat' dir='ltr'>Latinae</span> <span class='ocrx_word' id='word_1_266' title='bbox 1386 2115 1757 2180; x_wconf 90' lang='lat' dir='ltr'>Antiochenae,</span> <span class='ocrx_word' id='word_1_267' title='bbox 1778 2115 2058 2165; x_wconf 89' lang='lat' dir='ltr'>Gilibertus</span> <span class='ocrx_word' id='word_1_268' title='bbox 2077 2115 2334 2164; x_wconf 88' lang='lat' dir='ltr'>Alvernus</span> 
     </span>
     <span class='ocr_line' id='line_1_27' title="bbox 156 2189 2334 2256; baseline 0.001 -19"><span class='ocrx_word' id='word_1_269' title='bbox 156 2201 205 2238; x_wconf 92' lang='lat' dir='ltr'>et</span> <span class='ocrx_word' id='word_1_270' title='bbox 230 2189 493 2239; x_wconf 89' lang='lat' dir='ltr'>Johannes</span> <span class='ocrx_word' id='word_1_271' title='bbox 521 2190 780 2256; x_wconf 89' lang='lat' dir='ltr'>Yspanus,</span> <span class='ocrx_word' id='word_1_272' title='bbox 813 2189 986 2238; x_wconf 89' lang='lat' dir='ltr'>fratres</span> <span class='ocrx_word' id='word_1_273' title='bbox 1016 2190 1078 2239; x_wconf 92' lang='lat' dir='ltr'>de</span> <span class='ocrx_word' id='word_1_274' title='bbox 1109 2189 1290 2239; x_wconf 88' lang='lat' dir='ltr'>ordine</span> <span class='ocrx_word' id='word_1_275' title='bbox 1331 2190 1764 2254; x_wconf 86' lang='lat' dir='ltr'>Praedicatorum,</span> <span class='ocrx_word' id='word_1_276' title='bbox 1808 2191 2072 2239; x_wconf 91' lang='lat' dir='ltr'>Durantus</span> <span class='ocrx_word' id='word_1_277' title='bbox 2101 2203 2148 2239; x_wconf 92' lang='lat' dir='ltr'>et</span> <span class='ocrx_word' id='word_1_278' title='bbox 2176 2190 2334 2238; x_wconf 92' lang='lat' dir='ltr'>Nico-</span> 
     </span>
     <span class='ocr_line' id='line_1_28' title="bbox 156 2264 2332 2330; baseline 0.001 -18"><span class='ocrx_word' id='word_1_279' title='bbox 156 2264 283 2329; x_wconf 88' lang='lat' dir='ltr'>laus,</span> <span class='ocrx_word' id='word_1_280' title='bbox 314 2264 557 2314; x_wconf 86' lang='lat' dir='ltr'>monachi</span> <span class='ocrx_word' id='word_1_281' title='bbox 586 2265 648 2314; x_wconf 93' lang='lat' dir='ltr'>de</span> <span class='ocrx_word' id='word_1_282' title='bbox 676 2265 932 2329; x_wconf 89' lang='lat' dir='ltr'>Josaphat.</span> <span class='ocrx_word' id='word_1_283' title='bbox 988 2264 1303 2329; x_wconf 90' lang='lat' dir='ltr'>Guillelmus</span> <span class='ocrx_word' id='word_1_284' title='bbox 1339 2265 1471 2313; x_wconf 86' lang='lat' dir='ltr'>Petri</span> <span class='ocrx_word' id='word_1_285' title='bbox 1512 2265 1742 2314; x_wconf 89' lang='lat' dir='ltr'>notarius</span> <span class='ocrx_word' id='word_1_286' title='bbox 1782 2265 1979 2330; x_wconf 89' lang='lat' dir='ltr'>scripsit</span> <span class='ocrx_word' id='word_1_287' title='bbox 2008 2264 2332 2329; x_wconf 86' lang='lat' dir='ltr'>(Delaborde,</span> 
     </span>
     <span class='ocr_line' id='line_1_29' title="bbox 157 2333 2324 2406; baseline 0 -18"><span class='ocrx_word' id='word_1_288' title='bbox 157 2355 205 2405; x_wconf 91' lang='lat' dir='ltr'>p.</span> <span class='ocrx_word' id='word_1_289' title='bbox 246 2356 429 2393; x_wconf 91' lang='lat'>117-—</span> <span class='ocrx_word' id='word_1_290' title='bbox 454 2356 568 2403; x_wconf 83' lang='lat'>119,</span> <span class='ocrx_word' id='word_1_291' title='bbox 599 2340 698 2389; x_wconf 93' lang='lat' dir='ltr'>No.</span> <span class='ocrx_word' id='word_1_292' title='bbox 738 2339 836 2404; x_wconf 84' lang='lat'>57).</span> <span class='ocrx_word' id='word_1_293' title='bbox 867 2333 879 2406; x_wconf 58' lang='lat' dir='ltr'>il</span> <span class='ocrx_word' id='word_1_294' title='bbox 908 2339 984 2387; x_wconf 95' lang='lat' dir='ltr'>De</span> <span class='ocrx_word' id='word_1_295' title='bbox 1014 2339 1108 2388; x_wconf 92' lang='lat' dir='ltr'>hac</span> <span class='ocrx_word' id='word_1_296' title='bbox 1141 2338 1488 2388; x_wconf 91' lang='lat' dir='ltr'>conventione</span> <span class='ocrx_word' id='word_1_297' title='bbox 1518 2340 1579 2389; x_wconf 92' lang='lat' dir='ltr'>cf.</span> <span class='ocrx_word' id='word_1_298' title='bbox 1609 2340 1803 2389; x_wconf 86' lang='lat' dir='ltr'>ZDPV.</span> <span class='ocrx_word' id='word_1_299' title='bbox 1834 2340 1896 2404; x_wconf 88' lang='lat' dir='ltr'>X,</span> <span class='ocrx_word' id='word_1_300' title='bbox 1938 2357 1987 2406; x_wconf 89' lang='lat' dir='ltr'>p.</span> <span class='ocrx_word' id='word_1_301' title='bbox 2022 2356 2324 2389; x_wconf 80' lang='lat'>220—-221</span> 
     </span>
     <span class='ocr_line' id='line_1_30' title="bbox 156 2412 2331 2479; baseline -0.001 -17"><span class='ocrx_word' id='word_1_302' title='bbox 156 2425 204 2462; x_wconf 92' lang='lat' dir='ltr'>et</span> <span class='ocrx_word' id='word_1_303' title='bbox 230 2413 444 2463; x_wconf 91' lang='lat' dir='ltr'>Ursmar</span> <span class='ocrx_word' id='word_1_304' title='bbox 471 2413 708 2478; x_wconf 78' lang='lat' dir='ltr'>Berliere,</span> <span class='ocrx_word' id='word_1_305' title='bbox 739 2430 788 2479; x_wconf 92' lang='lat' dir='ltr'>p.</span> <span class='ocrx_word' id='word_1_306' title='bbox 819 2430 943 2478; x_wconf 82' lang='lat'>491.</span> <span class='ocrx_word' id='word_1_307' title='bbox 2183 2412 2331 2461; x_wconf 87' lang='lat'>1333</span> 
     </span>
    </p>
   </div>
   <div class='ocr_carea' id='block_1_4' title="bbox 155 2502 2333 3984">
    <p class='ocr_par' dir='ltr' id='par_1_4' title="bbox 155 2502 2333 3984">
     <span class='ocr_line' id='line_1_31' title="bbox 292 2502 2332 2569; baseline 0 -17"><span class='ocrx_word' id='word_1_308' title='bbox 292 2539 323 2565; x_wconf 91' lang='lat'>‚,</span> <span class='ocrx_word' id='word_1_309' title='bbox 403 2502 539 2569; x_wconf 86' lang='lat' dir='ltr'>Sept.</span> <span class='ocrx_word' id='word_1_310' title='bbox 581 2504 658 2567; x_wconf 83' lang='lat'>16,</span> <span class='ocrx_word' id='word_1_311' title='bbox 701 2502 807 2552; x_wconf 88' lang='lat' dir='ltr'>ind.</span> <span class='ocrx_word' id='word_1_312' title='bbox 839 2503 965 2552; x_wconf 90' lang='lat' dir='ltr'><strong>VIII.</strong></span> <span class='ocrx_word' id='word_1_313' title='bbox 1021 2506 1199 2552; x_wconf 93' lang='lat' dir='ltr'>Accon</span> <span class='ocrx_word' id='word_1_314' title='bbox 1241 2502 1293 2552; x_wconf 90' lang='lat' dir='ltr'>in</span> <span class='ocrx_word' id='word_1_315' title='bbox 1333 2504 1496 2568; x_wconf 90' lang='lat' dir='ltr'>platea</span> <span class='ocrx_word' id='word_1_316' title='bbox 1537 2503 1586 2553; x_wconf 93' lang='lat' dir='ltr'>S.</span> <span class='ocrx_word' id='word_1_317' title='bbox 1616 2503 1867 2553; x_wconf 87' lang='lat' dir='ltr'>Johannis</span> <span class='ocrx_word' id='word_1_318' title='bbox 1911 2503 1964 2551; x_wconf 88' lang='lat' dir='ltr'>in</span> <span class='ocrx_word' id='word_1_319' title='bbox 2008 2503 2169 2552; x_wconf 92' lang='lat' dir='ltr'>domo</span> <span class='ocrx_word' id='word_1_320' title='bbox 2215 2504 2332 2553; x_wconf 91' lang='lat' dir='ltr'>dicti</span> 
     </span>
     <span class='ocr_line' id='line_1_32' title="bbox 156 2576 2333 2644; baseline 0 -18"><span class='ocrx_word' id='word_1_321' title='bbox 156 2576 452 2643; x_wconf 89' lang='lat' dir='ltr'>Hospitalis.</span> <span class='ocrx_word' id='word_1_322' title='bbox 483 2606 553 2611; x_wconf 94' lang='lat'><em>-</em></span> <span class='ocrx_word' id='word_1_323' title='bbox 583 2577 765 2640; x_wconf 87' lang='lat' dir='ltr'>Saliba,</span> <span class='ocrx_word' id='word_1_324' title='bbox 798 2577 918 2626; x_wconf 89' lang='lat' dir='ltr'>civis</span> <span class='ocrx_word' id='word_1_325' title='bbox 938 2577 1272 2641; x_wconf 90' lang='lat' dir='ltr'>Acconensis,</span> <span class='ocrx_word' id='word_1_326' title='bbox 1304 2578 1557 2627; x_wconf 90' lang='lat' dir='ltr'>confrater</span> <span class='ocrx_word' id='word_1_327' title='bbox 1575 2578 1871 2644; x_wconf 79' lang='lat' dir='ltr'>HospitaliS,</span> <span class='ocrx_word' id='word_1_328' title='bbox 1903 2590 2206 2627; x_wconf 89' lang='lat' dir='ltr'>testamento</span> <span class='ocrx_word' id='word_1_329' title='bbox 2237 2596 2333 2627; x_wconf 90' lang='lat' dir='ltr'>suo</span> 
     </span>
     <span class='ocr_line' id='line_1_33' title="bbox 158 2651 2333 2718; baseline 0.001 -19"><span class='ocrx_word' id='word_1_330' title='bbox 158 2651 291 2700; x_wconf 88' lang='lat' dir='ltr'>varia</span> <span class='ocrx_word' id='word_1_331' title='bbox 320 2652 562 2718; x_wconf 90' lang='lat' dir='ltr'>disponit.</span> <span class='ocrx_word' id='word_1_332' title='bbox 606 2652 661 2701; x_wconf 92' lang='lat' dir='ltr'>In</span> <span class='ocrx_word' id='word_1_333' title='bbox 690 2652 868 2718; x_wconf 91' lang='lat' dir='ltr'>primis</span> <span class='ocrx_word' id='word_1_334' title='bbox 888 2651 1130 2716; x_wconf 90' lang='lat' dir='ltr'>magistro</span> <span class='ocrx_word' id='word_1_335' title='bbox 1150 2652 1430 2718; x_wconf 90' lang='lat' dir='ltr'>Hospitalis</span> <span class='ocrx_word' id='word_1_336' title='bbox 1449 2653 1610 2701; x_wconf 87' lang='lat' dir='ltr'>donat</span> <span class='ocrx_word' id='word_1_337' title='bbox 1628 2653 1846 2701; x_wconf 90' lang='lat' dir='ltr'>domum</span> <span class='ocrx_word' id='word_1_338' title='bbox 1868 2653 1921 2701; x_wconf 90' lang='lat' dir='ltr'>in</span> <span class='ocrx_word' id='word_1_339' title='bbox 1941 2655 2107 2716; x_wconf 91' lang='lat' dir='ltr'>burgo</span> <span class='ocrx_word' id='word_1_340' title='bbox 2126 2653 2333 2718; x_wconf 84' lang='lat' dir='ltr'>Templi</span> 
     </span>
     <span class='ocr_line' id='line_1_34' title="bbox 155 2725 2333 2793; baseline 0.001 -19"><span class='ocrx_word' id='word_1_341' title='bbox 155 2725 320 2790; x_wconf 90' lang='lat' dir='ltr'>sitam,</span> <span class='ocrx_word' id='word_1_342' title='bbox 362 2727 549 2776; x_wconf 88' lang='lat' dir='ltr'>deinde</span> <span class='ocrx_word' id='word_1_343' title='bbox 591 2726 806 2775; x_wconf 90' lang='lat' dir='ltr'>fabricae</span> <span class='ocrx_word' id='word_1_344' title='bbox 846 2727 1137 2775; x_wconf 90' lang='lat' dir='ltr'>Acconensi</span> <span class='ocrx_word' id='word_1_345' title='bbox 1167 2727 1357 2776; x_wconf 85' lang='lat' dir='ltr'>XXXV</span> <span class='ocrx_word' id='word_1_346' title='bbox 1388 2740 1434 2776; x_wconf 94' lang='lat' dir='ltr'>et</span> <span class='ocrx_word' id='word_1_347' title='bbox 1462 2743 1555 2793; x_wconf 92' lang='lat' dir='ltr'>pro</span> <span class='ocrx_word' id='word_1_348' title='bbox 1597 2743 1706 2776; x_wconf 94' lang='lat' dir='ltr'>uno</span> <span class='ocrx_word' id='word_1_349' title='bbox 1748 2726 2065 2792; x_wconf 90' lang='lat' dir='ltr'>cappellano,</span> <span class='ocrx_word' id='word_1_350' title='bbox 2109 2728 2197 2792; x_wconf 83' lang='lat' dir='ltr'>qui</span> <span class='ocrx_word' id='word_1_351' title='bbox 2239 2744 2333 2793; x_wconf 90' lang='lat' dir='ltr'>pro</span> 
     </span>
     <span class='ocr_line' id='line_1_35' title="bbox 158 2800 2333 2867; baseline 0 -18"><span class='ocrx_word' id='word_1_352' title='bbox 158 2800 318 2866; x_wconf 87' lang='lat' dir='ltr'>ipsius</span> <span class='ocrx_word' id='word_1_353' title='bbox 347 2800 515 2850; x_wconf 88' lang='lat' dir='ltr'>anima</span> <span class='ocrx_word' id='word_1_354' title='bbox 546 2813 712 2850; x_wconf 88' lang='lat' dir='ltr'>cantet</span> <span class='ocrx_word' id='word_1_355' title='bbox 740 2801 792 2849; x_wconf 94' lang='lat' dir='ltr'>in</span> <span class='ocrx_word' id='word_1_356' title='bbox 822 2801 1030 2850; x_wconf 90' lang='lat' dir='ltr'>ecclesia</span> <span class='ocrx_word' id='word_1_357' title='bbox 1060 2801 1109 2850; x_wconf 92' lang='lat' dir='ltr'>S.</span> <span class='ocrx_word' id='word_1_358' title='bbox 1140 2801 1403 2850; x_wconf 90' lang='lat' dir='ltr'>Laurentii</span> <span class='ocrx_word' id='word_1_359' title='bbox 1432 2801 1741 2865; x_wconf 91' lang='lat' dir='ltr'>Acconensi,</span> <span class='ocrx_word' id='word_1_360' title='bbox 1773 2817 1862 2867; x_wconf 93' lang='lat' dir='ltr'>per</span> <span class='ocrx_word' id='word_1_361' title='bbox 1890 2818 2087 2851; x_wconf 92' lang='lat' dir='ltr'>annum</span> <span class='ocrx_word' id='word_1_362' title='bbox 2121 2803 2333 2851; x_wconf 89' lang='lat' dir='ltr'>XXXVI</span> 
     </span>
     <span class='ocr_line' id='line_1_36' title="bbox 157 2874 2333 2941; baseline 0 -18"><span class='ocrx_word' id='word_1_363' title='bbox 157 2875 400 2925; x_wconf 90' lang='lat' dir='ltr'>bisantios</span> <span class='ocrx_word' id='word_1_364' title='bbox 428 2875 577 2941; x_wconf 89' lang='lat' dir='ltr'>legat,</span> <span class='ocrx_word' id='word_1_365' title='bbox 608 2876 670 2924; x_wconf 93' lang='lat' dir='ltr'>ad</span> <span class='ocrx_word' id='word_1_366' title='bbox 699 2877 1100 2941; x_wconf 85' lang='lat' dir='ltr'>praeparandam</span> <span class='ocrx_word' id='word_1_367' title='bbox 1130 2875 1391 2924; x_wconf 89' lang='lat' dir='ltr'>tarraciam</span> <span class='ocrx_word' id='word_1_368' title='bbox 1421 2874 1653 2940; x_wconf 86' lang='lat' dir='ltr'>ejusdem</span> <span class='ocrx_word' id='word_1_369' title='bbox 1683 2876 1922 2925; x_wconf 90' lang='lat' dir='ltr'>ecclesiae</span> <span class='ocrx_word' id='word_1_370' title='bbox 1953 2877 2012 2939; x_wconf 91' lang='lat' dir='ltr'>V,</span> <span class='ocrx_word' id='word_1_371' title='bbox 2043 2877 2162 2925; x_wconf 90' lang='lat' dir='ltr'>alias</span> <span class='ocrx_word' id='word_1_372' title='bbox 2191 2892 2333 2926; x_wconf 92' lang='lat' dir='ltr'>sum-</span> 
     </span>
     <span class='ocr_line' id='line_1_37' title="bbox 156 2949 2331 3016; baseline 0 -18"><span class='ocrx_word' id='word_1_373' title='bbox 156 2965 265 2998; x_wconf 88' lang='lat' dir='ltr'>mas</span> <span class='ocrx_word' id='word_1_374' title='bbox 293 2965 349 2998; x_wconf 90' lang='lat' dir='ltr'>ac</span> <span class='ocrx_word' id='word_1_375' title='bbox 378 2951 514 2999; x_wconf 88' lang='lat' dir='ltr'>bona</span> <span class='ocrx_word' id='word_1_376' title='bbox 542 2950 706 2999; x_wconf 93' lang='lat' dir='ltr'>sorori</span> <span class='ocrx_word' id='word_1_377' title='bbox 735 2967 856 2999; x_wconf 92' lang='lat' dir='ltr'>suae</span> <span class='ocrx_word' id='word_1_378' title='bbox 887 2951 1134 3016; x_wconf 87' lang='lat' dir='ltr'>Naymae,</span> <span class='ocrx_word' id='word_1_379' title='bbox 1170 2949 1404 2999; x_wconf 87' lang='lat' dir='ltr'>filiastrae</span> <span class='ocrx_word' id='word_1_380' title='bbox 1446 2968 1566 2999; x_wconf 90' lang='lat' dir='ltr'>suae</span> <span class='ocrx_word' id='word_1_381' title='bbox 1608 2951 1862 3014; x_wconf 88' lang='lat' dir='ltr'>Isabellae,</span> <span class='ocrx_word' id='word_1_382' title='bbox 1904 2950 2033 2999; x_wconf 82' lang='lat' dir='ltr'>filiae</span> <span class='ocrx_word' id='word_1_383' title='bbox 2063 2952 2331 3015; x_wconf 85' lang='lat' dir='ltr'>quondam</span> 
     </span>
     <span class='ocr_line' id='line_1_38' title="bbox 158 3023 2333 3090; baseline -0 -18"><span class='ocrx_word' id='word_1_384' title='bbox 158 3023 419 3090; x_wconf 90' lang='lat' dir='ltr'>Stephani,</span> <span class='ocrx_word' id='word_1_385' title='bbox 450 3024 580 3074; x_wconf 89' lang='lat' dir='ltr'>filiae</span> <span class='ocrx_word' id='word_1_386' title='bbox 610 3042 731 3074; x_wconf 90' lang='lat' dir='ltr'>suae</span> <span class='ocrx_word' id='word_1_387' title='bbox 763 3024 1042 3087; x_wconf 89' lang='lat' dir='ltr'>Katelinae,</span> <span class='ocrx_word' id='word_1_388' title='bbox 1063 3025 1352 3086; x_wconf 89' lang='lat' dir='ltr'>Leonardo,</span> <span class='ocrx_word' id='word_1_389' title='bbox 1374 3025 1671 3089; x_wconf 91' lang='lat' dir='ltr'>Dominico,</span> <span class='ocrx_word' id='word_1_390' title='bbox 1692 3026 2019 3075; x_wconf 89' lang='lat' dir='ltr'>Thomasino</span> <span class='ocrx_word' id='word_1_391' title='bbox 2040 3039 2085 3074; x_wconf 91' lang='lat' dir='ltr'>et</span> <span class='ocrx_word' id='word_1_392' title='bbox 2106 3026 2333 3089; x_wconf 81' lang='lat' dir='ltr'>Georgio</span> 
     </span>
     <span class='ocr_line' id='line_1_39' title="bbox 157 3098 2331 3165; baseline 0.001 -19"><span class='ocrx_word' id='word_1_393' title='bbox 157 3098 449 3164; x_wconf 80' lang='lat' dir='ltr'>nepotibUS,</span> <span class='ocrx_word' id='word_1_394' title='bbox 481 3099 745 3164; x_wconf 88' lang='lat' dir='ltr'>Sarquisio</span> <span class='ocrx_word' id='word_1_395' title='bbox 775 3098 991 3164; x_wconf 88' lang='lat' dir='ltr'>ejusque</span> <span class='ocrx_word' id='word_1_396' title='bbox 1021 3098 1145 3163; x_wconf 86' lang='lat' dir='ltr'>filio,</span> <span class='ocrx_word' id='word_1_397' title='bbox 1178 3099 1423 3163; x_wconf 89' lang='lat' dir='ltr'>Settedar,</span> <span class='ocrx_word' id='word_1_398' title='bbox 1455 3100 1602 3149; x_wconf 87' lang='lat' dir='ltr'>uxori</span> <span class='ocrx_word' id='word_1_399' title='bbox 1633 3101 1903 3165; x_wconf 88' lang='lat' dir='ltr'>quondam</span> <span class='ocrx_word' id='word_1_400' title='bbox 1934 3100 2112 3159; x_wconf 78' lang='lat' dir='ltr'>fratris,</span> <span class='ocrx_word' id='word_1_401' title='bbox 2145 3101 2331 3157; x_wconf 80' lang='lat' dir='ltr'>Vistae,</span> 
     </span>
     <span class='ocr_line' id='line_1_40' title="bbox 158 3171 2331 3239; baseline 0.001 -19"><span class='ocrx_word' id='word_1_402' title='bbox 158 3171 287 3221; x_wconf 88' lang='lat' dir='ltr'>filiae</span> <span class='ocrx_word' id='word_1_403' title='bbox 317 3173 545 3238; x_wconf 80' lang='lat' dir='ltr'>Georgii,</span> <span class='ocrx_word' id='word_1_404' title='bbox 575 3173 783 3224; x_wconf 87' lang='lat' dir='ltr'>Caolfae</span> <span class='ocrx_word' id='word_1_405' title='bbox 815 3174 1071 3239; x_wconf 74' lang='lat' dir='ltr'>neptibu8,</span> <span class='ocrx_word' id='word_1_406' title='bbox 1103 3174 1337 3239; x_wconf 86' lang='lat' dir='ltr'>quinque</span> <span class='ocrx_word' id='word_1_407' title='bbox 1368 3174 1482 3223; x_wconf 82' lang='lat' dir='ltr'>filiis</span> <span class='ocrx_word' id='word_1_408' title='bbox 1511 3175 1752 3238; x_wconf 85' lang='lat' dir='ltr'>ssederae,</span> <span class='ocrx_word' id='word_1_409' title='bbox 1782 3175 1945 3223; x_wconf 89' lang='lat' dir='ltr'>fratris</span> <span class='ocrx_word' id='word_1_410' title='bbox 1975 3175 2070 3238; x_wconf 91' lang='lat' dir='ltr'>sui,</span> <span class='ocrx_word' id='word_1_411' title='bbox 2106 3176 2331 3224; x_wconf 80' lang='lat' dir='ltr'>Lauren-</span> 
     </span>
     <span class='ocr_line' id='line_1_41' title="bbox 156 3245 2331 3315; baseline 0.001 -21"><span class='ocrx_word' id='word_1_412' title='bbox 156 3245 245 3311; x_wconf 90' lang='lat' dir='ltr'>tio,</span> <span class='ocrx_word' id='word_1_413' title='bbox 276 3248 508 3311; x_wconf 88' lang='lat' dir='ltr'>Nicolao,</span> <span class='ocrx_word' id='word_1_414' title='bbox 550 3250 959 3313; x_wconf 86' lang='lat' dir='ltr'>Bonaventurae,</span> <span class='ocrx_word' id='word_1_415' title='bbox 1002 3248 1333 3297; x_wconf 88' lang='lat' dir='ltr'>Leonardino</span> <span class='ocrx_word' id='word_1_416' title='bbox 1377 3261 1424 3297; x_wconf 90' lang='lat' dir='ltr'>et</span> <span class='ocrx_word' id='word_1_417' title='bbox 1464 3250 1750 3310; x_wconf 84' lang='lat' dir='ltr'>Isabelloni,</span> <span class='ocrx_word' id='word_1_418' title='bbox 1783 3250 1968 3298; x_wconf 87' lang='lat' dir='ltr'>deinde</span> <span class='ocrx_word' id='word_1_419' title='bbox 2000 3249 2239 3315; x_wconf 89' lang='lat' dir='ltr'>hospitali</span> <span class='ocrx_word' id='word_1_420' title='bbox 2271 3251 2331 3297; x_wconf 87' lang='lat' dir='ltr'>de</span> 
     </span>
     <span class='ocr_line' id='line_1_42' title="bbox 158 3321 2329 3387; baseline 0.001 -18"><span class='ocrx_word' id='word_1_421' title='bbox 158 3321 207 3370; x_wconf 89' lang='lat' dir='ltr'>S.</span> <span class='ocrx_word' id='word_1_422' title='bbox 227 3321 433 3387; x_wconf 88' lang='lat' dir='ltr'>Spiritu,</span> <span class='ocrx_word' id='word_1_423' title='bbox 463 3322 512 3372; x_wconf 90' lang='lat' dir='ltr'>S.</span> <span class='ocrx_word' id='word_1_424' title='bbox 536 3322 723 3387; x_wconf 89' lang='lat' dir='ltr'>Agneti</span> <span class='ocrx_word' id='word_1_425' title='bbox 752 3335 801 3371; x_wconf 90' lang='lat' dir='ltr'>et</span> <span class='ocrx_word' id='word_1_426' title='bbox 828 3323 1092 3371; x_wconf 85' lang='lat' dir='ltr'>sororibus</span> <span class='ocrx_word' id='word_1_427' title='bbox 1121 3321 1247 3387; x_wconf 86' lang='lat' dir='ltr'>ejus,</span> <span class='ocrx_word' id='word_1_428' title='bbox 1271 3323 1506 3373; x_wconf 90' lang='lat' dir='ltr'>fratribus</span> <span class='ocrx_word' id='word_1_429' title='bbox 1536 3324 1990 3387; x_wconf 85' lang='lat' dir='ltr'>Praedicatoribus,</span> <span class='ocrx_word' id='word_1_430' title='bbox 2024 3324 2329 3380; x_wconf 72' lang='lat' dir='ltr'>Minoribus,</span> 
     </span>
     <span class='ocr_line' id='line_1_43' title="bbox 157 3396 2332 3462; baseline 0 -18"><span class='ocrx_word' id='word_1_431' title='bbox 157 3396 211 3444; x_wconf 89' lang='lat' dir='ltr'>B.</span> <span class='ocrx_word' id='word_1_432' title='bbox 245 3396 431 3446; x_wconf 87' lang='lat' dir='ltr'>Mariae</span> <span class='ocrx_word' id='word_1_433' title='bbox 461 3398 794 3462; x_wconf 89' lang='lat' dir='ltr'>Magdalenae</span> <span class='ocrx_word' id='word_1_434' title='bbox 835 3396 1099 3446; x_wconf 87' lang='lat' dir='ltr'>sororibus</span> <span class='ocrx_word' id='word_1_435' title='bbox 1141 3397 1550 3462; x_wconf 86' lang='lat' dir='ltr'>Repentitarum,</span> <span class='ocrx_word' id='word_1_436' title='bbox 1583 3398 1818 3447; x_wconf 88' lang='lat' dir='ltr'>fratribus</span> <span class='ocrx_word' id='word_1_437' title='bbox 1849 3399 2086 3455; x_wconf 79' lang='lat' dir='ltr'>Carmeli,</span> <span class='ocrx_word' id='word_1_438' title='bbox 2124 3398 2332 3446; x_wconf 77' lang='lat' dir='ltr'>misellis</span> 
     </span>
     <span class='ocr_line' id='line_1_44' title="bbox 158 3469 2329 3538; baseline 0.001 -20"><span class='ocrx_word' id='word_1_439' title='bbox 158 3469 207 3518; x_wconf 91' lang='lat' dir='ltr'>S.</span> <span class='ocrx_word' id='word_1_440' title='bbox 239 3470 431 3535; x_wconf 88' lang='lat' dir='ltr'>Lazari,</span> <span class='ocrx_word' id='word_1_441' title='bbox 461 3471 701 3537; x_wconf 89' lang='lat' dir='ltr'>hospitali</span> <span class='ocrx_word' id='word_1_442' title='bbox 731 3472 779 3521; x_wconf 91' lang='lat' dir='ltr'>S.</span> <span class='ocrx_word' id='word_1_443' title='bbox 812 3471 1043 3535; x_wconf 89' lang='lat' dir='ltr'>Antonii,</span> <span class='ocrx_word' id='word_1_444' title='bbox 1073 3471 1122 3520; x_wconf 90' lang='lat' dir='ltr'>S.</span> <span class='ocrx_word' id='word_1_445' title='bbox 1153 3472 1405 3537; x_wconf 83' lang='lat' dir='ltr'>Trinitati,</span> <span class='ocrx_word' id='word_1_446' title='bbox 1449 3473 1496 3522; x_wconf 87' lang='lat' dir='ltr'>S.</span> <span class='ocrx_word' id='word_1_447' title='bbox 1526 3473 1784 3537; x_wconf 84' lang='lat' dir='ltr'>Brigittae,</span> <span class='ocrx_word' id='word_1_448' title='bbox 1816 3473 2053 3538; x_wconf 86' lang='lat' dir='ltr'>hospitali</span> <span class='ocrx_word' id='word_1_449' title='bbox 2097 3474 2146 3521; x_wconf 84' lang='lat' dir='ltr'>S.</span> <span class='ocrx_word' id='word_1_450' title='bbox 2181 3474 2329 3521; x_wconf 73' lang='lat' dir='ltr'>Kate—</span> 
     </span>
     <span class='ocr_line' id='line_1_45' title="bbox 157 3544 2329 3613; baseline 0.001 -21"><span class='ocrx_word' id='word_1_451' title='bbox 157 3544 305 3608; x_wconf 88' lang='lat' dir='ltr'>linae,</span> <span class='ocrx_word' id='word_1_452' title='bbox 348 3545 402 3594; x_wconf 84' lang='grc' dir='ltr'>Β.</span> <span class='ocrx_word' id='word_1_453' title='bbox 446 3547 635 3595; x_wconf 86' lang='lat' dir='ltr'>Mariae</span> <span class='ocrx_word' id='word_1_454' title='bbox 681 3546 1001 3608; x_wconf 83' lang='lat' dir='ltr'>Provinciali,</span> <span class='ocrx_word' id='word_1_455' title='bbox 1048 3558 1157 3594; x_wconf 88' lang='lat' dir='ltr'>tum</span> <span class='ocrx_word' id='word_1_456' title='bbox 1203 3547 1389 3596; x_wconf 82' lang='lat' dir='ltr'>Mariae</span> <span class='ocrx_word' id='word_1_457' title='bbox 1435 3548 1711 3613; x_wconf 82' lang='lat' dir='ltr'>baptizatae</span> <span class='ocrx_word' id='word_1_458' title='bbox 1752 3565 1890 3609; x_wconf 90' lang='lat' dir='ltr'>suae,</span> <span class='ocrx_word' id='word_1_459' title='bbox 1937 3551 2125 3595; x_wconf 79' lang='lat' dir='ltr'>Ameto</span> <span class='ocrx_word' id='word_1_460' title='bbox 2166 3564 2329 3601; x_wconf 70' lang='lat' dir='ltr'>servo.</span> 
     </span>
     <span class='ocr_line' id='line_1_46' title="bbox 158 3618 2330 3687; baseline 0 -20"><span class='ocrx_word' id='word_1_461' title='bbox 158 3618 380 3684; x_wconf 88' lang='lat' dir='ltr'>Sophiae</span> <span class='ocrx_word' id='word_1_462' title='bbox 399 3636 587 3684; x_wconf 86' lang='lat' dir='ltr'>servae,</span> <span class='ocrx_word' id='word_1_463' title='bbox 607 3621 713 3669; x_wconf 92' lang='lat' dir='ltr'>suis</span> <span class='ocrx_word' id='word_1_464' title='bbox 734 3620 1065 3686; x_wconf 86' lang='lat' dir='ltr'>baptizandis.</span> <span class='ocrx_word' id='word_1_465' title='bbox 1098 3620 1172 3668; x_wconf 89' lang='lat' dir='ltr'>l)e</span> <span class='ocrx_word' id='word_1_466' title='bbox 1193 3634 1360 3670; x_wconf 89' lang='lat' dir='ltr'>cetero</span> <span class='ocrx_word' id='word_1_467' title='bbox 1379 3638 1627 3685; x_wconf 84' lang='lat' dir='ltr'>magnum</span> <span class='ocrx_word' id='word_1_468' title='bbox 1651 3622 1928 3687; x_wconf 81' lang='lat' dir='ltr'>Hospitalis</span> <span class='ocrx_word' id='word_1_469' title='bbox 1950 3635 2330 3687; x_wconf 79' lang='lat' dir='ltr'>praeceptorem</span> 
     </span>
     <span class='ocr_line' id='line_1_47' title="bbox 159 3693 2331 3762; baseline 0.001 -21"><span class='ocrx_word' id='word_1_470' title='bbox 159 3693 481 3758; x_wconf 86' lang='lat' dir='ltr'>Stephanum</span> <span class='ocrx_word' id='word_1_471' title='bbox 510 3696 571 3743; x_wconf 89' lang='lat' dir='ltr'>de</span> <span class='ocrx_word' id='word_1_472' title='bbox 602 3696 768 3743; x_wconf 88' lang='lat' dir='ltr'>Meses</span> <span class='ocrx_word' id='word_1_473' title='bbox 800 3696 1041 3743; x_wconf 83' lang='lat' dir='ltr'>heredem</span> <span class='ocrx_word' id='word_1_474' title='bbox 1070 3711 1224 3744; x_wconf 90' lang='lat' dir='ltr'>suum</span> <span class='ocrx_word' id='word_1_475' title='bbox 1257 3707 1304 3744; x_wconf 89' lang='lat' dir='ltr'>et</span> <span class='ocrx_word' id='word_1_476' title='bbox 1334 3709 1530 3762; x_wconf 87' lang='lat' dir='ltr'>praeter</span> <span class='ocrx_word' id='word_1_477' title='bbox 1559 3713 1677 3745; x_wconf 90' lang='lat' dir='ltr'>eum</span> <span class='ocrx_word' id='word_1_478' title='bbox 1710 3696 1993 3744; x_wconf 82' lang='lat' dir='ltr'>testamenti</span> <span class='ocrx_word' id='word_1_479' title='bbox 2037 3710 2331 3744; x_wconf 77' lang='lat' dir='ltr'>executores</span> 
     </span>
     <span class='ocr_line' id='line_1_48' title="bbox 158 3768 2330 3820; baseline 0.001 -5"><span class='ocrx_word' id='word_1_480' title='bbox 158 3768 479 3817; x_wconf 81' lang='lat' dir='ltr'>Bernardum</span> <span class='ocrx_word' id='word_1_481' title='bbox 534 3770 663 3818; x_wconf 75' lang='lat' dir='ltr'>l‘etri</span> <span class='ocrx_word' id='word_1_482' title='bbox 708 3770 875 3818; x_wconf 86' lang='lat' dir='ltr'>Pisani</span> <span class='ocrx_word' id='word_1_483' title='bbox 921 3782 967 3818; x_wconf 90' lang='lat' dir='ltr'>et</span> <span class='ocrx_word' id='word_1_484' title='bbox 1011 3768 1352 3819; x_wconf 81' lang='lat' dir='ltr'>Guillelmum</span> <span class='ocrx_word' id='word_1_485' title='bbox 1397 3771 1458 3819; x_wconf 85' lang='lat' dir='ltr'>de</span> <span class='ocrx_word' id='word_1_486' title='bbox 1497 3773 1669 3820; x_wconf 80' lang='lat' dir='ltr'>Morttt</span> <span class='ocrx_word' id='word_1_487' title='bbox 1715 3772 2025 3819; x_wconf 87' lang='lat' dir='ltr'>Januensem</span> <span class='ocrx_word' id='word_1_488' title='bbox 2072 3771 2330 3819; x_wconf 75' lang='lat' dir='ltr'>constituit</span> 
     </span>
     <span class='ocr_line' id='line_1_49' title="bbox 159 3842 2329 3910; baseline 0.001 -21"><span class='ocrx_word' id='word_1_489' title='bbox 159 3857 331 3890; x_wconf 91' lang='lat' dir='ltr'>coram</span> <span class='ocrx_word' id='word_1_490' title='bbox 374 3842 579 3892; x_wconf 90' lang='lat' dir='ltr'>Thoma</span> <span class='ocrx_word' id='word_1_491' title='bbox 625 3845 828 3908; x_wconf 87' lang='lat' dir='ltr'>Mausu,</span> <span class='ocrx_word' id='word_1_492' title='bbox 884 3855 1210 3909; x_wconf 87' lang='lat' dir='ltr'>praeceptore</span> <span class='ocrx_word' id='word_1_493' title='bbox 1265 3845 1428 3894; x_wconf 89' lang='lat' dir='ltr'>voltae</span> <span class='ocrx_word' id='word_1_494' title='bbox 1474 3846 1523 3894; x_wconf 85' lang='lat' dir='ltr'>S.</span> <span class='ocrx_word' id='word_1_495' title='bbox 1561 3845 1810 3893; x_wconf 79' lang='lat' dir='ltr'>=Iohannis</span> <span class='ocrx_word' id='word_1_496' title='bbox 1856 3844 2329 3910; x_wconf 72' lang='lat' dir='ltr'>llierosolymitani,</span> 
     </span>
     <span class='ocr_line' id='line_1_50' title="bbox 157 3916 2331 3984; baseline 0 -18"><span class='ocrx_word' id='word_1_497' title='bbox 157 3916 346 3966; x_wconf 91' lang='lat' dir='ltr'>Jacobo</span> <span class='ocrx_word' id='word_1_498' title='bbox 366 3916 427 3965; x_wconf 90' lang='lat' dir='ltr'>de</span> <span class='ocrx_word' id='word_1_499' title='bbox 448 3918 699 3983; x_wconf 88' lang='lat' dir='ltr'>Messana,</span> <span class='ocrx_word' id='word_1_500' title='bbox 719 3919 1080 3968; x_wconf 85' lang='lat' dir='ltr'>Bonavcntura</span> <span class='ocrx_word' id='word_1_501' title='bbox 1100 3918 1161 3967; x_wconf 87' lang='lat' dir='ltr'>de</span> <span class='ocrx_word' id='word_1_502' title='bbox 1182 3918 1449 3983; x_wconf 86' lang='lat' dir='ltr'>Fahriano,</span> <span class='ocrx_word' id='word_1_503' title='bbox 1471 3921 1633 3983; x_wconf 75' lang='lat' dir='ltr'>l&#39;etro,</span> <span class='ocrx_word' id='word_1_504' title='bbox 1657 3918 1759 3967; x_wconf 83' lang='lat' dir='ltr'>lilio</span> <span class='ocrx_word' id='word_1_505' title='bbox 1780 3920 2045 3984; x_wconf 75' lang='lat' dir='ltr'>quondam</span> <span class='ocrx_word' id='word_1_506' title='bbox 2070 3919 2331 3968; x_wconf 79' lang='lat' dir='ltr'>Michaelis</span> 
     </span>
    </p>
   </div>
  </div>
 </body>
</html>
