2684 4244
999 139 1133 205 regni
1155 139 1585 205 Hierosolymitani.
2283 166 2293 197 1
2311 145 2339 198 6
2352 164 2374 207 «ζ

204 324 268 373 ad
297 323 511 373 fundam
539 324 762 374 Acconis
790 337 836 373 et
865 324 930 372 IV
959 334 1238 371 carrucatas
1278 336 1435 370 terrae
1477 322 1529 370 in
1569 322 1821 371 territorio
1851 322 1913 370 de
1944 320 2205 383 Caimont,
2237 321 2381 385 quod

205 397 419 447 feodum
435 400 721 448 Joscelinus
737 397 1006 455 Garnerio,
1024 396 1225 445 homini
1244 413 1358 458 suo,
1379 396 1668 459 parisiensi,
1685 412 1879 461 genero
1894 394 2144 444 Johannis
2164 395 2382 457 Banerii,

204 471 495 522 donaverat.
552 474 692 522 Haec
730 488 851 521 vero
893 471 1069 520 omnia
1109 487 1202 535 pro
1243 470 1651 519 commutatione
1692 470 1835 518 castri
1879 469 1928 518 S.
1960 469 2155 534 Helyae
2196 469 2319 516 olim
2356 486 2382 516 a

202 561 320 610 rege
356 547 613 597 Joscelino
654 546 829 596 donati
870 561 1077 594 necnon
1106 543 1308 593 Lubani
1336 556 1383 592 et
1412 543 1707 606 Carrubiae,
1750 560 1881 608 quae
1911 560 2030 591 cum
2061 542 2382 608 pertinentiis

203 632 251 669 et
278 619 532 685 hominio,
554 622 699 687 quod
728 620 821 670 fuit
838 618 1088 669 Johannis
1119 618 1181 667 de
1210 619 1480 680 Lumbres,
1509 630 1624 683 post
1642 630 1863 666 mortem
1883 617 2092 680 Mariae,
2113 617 2381 681 quondam

203 694 410 759 reginae
439 694 958 762 Hierosolymitanae,
1001 694 1063 742 ad
1093 693 1264 758 ipsum
1294 692 1474 741 reverti
1503 693 1775 755 debebant,
1817 704 2071 758 praeterea
2102 692 2381 740 Maronum

202 784 319 818 cum
352 769 671 835 pertinentiis
699 781 748 818 et
776 767 1009 818 hominia
1039 766 1286 817 Gaufredi
1313 766 1478 830 Torti,
1510 766 1557 815 S.
1578 766 1789 829 Georgii
1819 779 1866 814 et
1893 765 2050 815 totius
2078 777 2237 814 terrae
2269 781 2382 830 per—

201 842 410 892 tinentis
450 859 708 894 consensu
754 842 1031 905 Guidonis,
1060 841 1333 908 Joppensis
1362 854 1409 889 et
1437 839 1790 889 Ascalonitani
1830 839 2049 902 comitis,
2092 852 2137 888 et
2178 838 2382 888 Sibillae

201 917 408 981 sororiS,
441 918 745 981 comitissae,
775 916 1011 966 concedit
1041 929 1087 965 et
1115 916 1281 980 sigillo
1311 915 1495 964 munit.
1515 914 1847 980 —Princeps
1866 913 2166 976 Reinaldus,
2190 914 2383 962 Montis

203 991 406 1055 Regalis
436 1006 483 1041 et
510 992 731 1042 Ebronis
750 991 1012 1052 dominuS,
1034 990 1316 1054 Renaldus,
1338 989 1563 1056 Sydonis
1583 989 1847 1051 dominuS,
1870 988 2173 1051 Balduinus,
2197 988 2383 1035 Rama—

202 1066 359 1115 tensis
389 1067 653 1130 dominus,
695 1065 953 1127 BalianuS,
984 1065 1134 1113 frater
1163 1063 1288 1129 ejus,
1318 1063 1611 1113 Aimericus
1640 1062 2066 1124 constabularius,
2099 1061 2384 1111 Gaufridus

201 1140 412 1203 Tortus,
444 1141 572 1190 Milo
601 1142 663 1190 de
693 1140 1061 1191 Colovardino.
1116 1140 1308 1188 Datum
1337 1155 1427 1205 per
1460 1154 1674 1187 manum
1707 1136 1974 1199 Willelmi,
2010 1135 2382 1201 archiepiscopi

200 1214 450 1280 Tyrensis
478 1215 714 1281 regisque
744 1214 1027 1264 cancellarii
1063 1213 1327 1276 (Strehlke,
1359 1229 1407 1279 p.
1448 1229 1674 1278 13—14,
1707 1213 1805 1260 No.
1848 1210 1942 1275 14).
2268 1209 2383 1256 614

282 1301 431 1350 1182
462 1303 622 1370 April.
656 1320 739 1366 27,
770 1303 876 1351 ind.
906 1302 1017 1350 XV.
1062 1301 1455 1367 Hierosolymis.
1484 1328 1555 1335 ——
1584 1299 1874 1349 Balduinus
1903 1299 1987 1363 IV,
2018 1315 2102 1347 rex
2131 1298 2382 1347 Hieroso—

200 1377 496 1443 lymitanus,
541 1378 848 1441 Guilielmo,
894 1376 1282 1442 archiepiscopo
1325 1375 1565 1441 Tyrensi,
1611 1387 1658 1424 et
1701 1374 2083 1423 successoribus
2128 1373 2380 1421 decimam

202 1451 442 1501 omnium
483 1452 802 1515 exeniorum,
846 1467 978 1515 quae
1019 1467 1079 1499 ex
1117 1463 1218 1499 tota
1258 1462 1389 1499 terra
1427 1450 1629 1499 Toroni
1670 1449 1723 1497 in
1756 1447 2023 1497 Nativitate
2056 1447 2286 1507 Domini,
2330 1447 2382 1495 in

201 1541 349 1575 carne
377 1526 542 1575 levare
572 1540 619 1576 et
648 1527 833 1593 pascha
862 1525 1009 1587 fiunt,
1051 1524 1241 1573 scilicet
1269 1525 1322 1573 in
1349 1523 1569 1588 gallinis,
1612 1524 1739 1588 ovis,
1781 1522 1955 1586 caseiS,
1997 1522 2174 1571 ectulis
2204 1521 2305 1584 (sic)
2336 1534 2384 1569 et

200 1599 369 1664 lignis,
411 1600 665 1649 decimam
695 1616 908 1666 quoque
950 1599 1306 1663 bisantiorum,
1338 1615 1471 1664 quos
1500 1599 1563 1647 de
1591 1598 1763 1647 liberis
1793 1596 2012 1646 carrucis
2041 1612 2125 1645 rex
2155 1596 2381 1661 accipere

200 1674 344 1738 solet,
375 1674 533 1724 donat
561 1688 624 1739 et,
665 1688 721 1725 ut
747 1674 922 1723 villani
950 1687 1110 1723 totam
1140 1674 1411 1738 decimam,
1447 1689 1580 1738 quae
1620 1673 1683 1721 de
1723 1685 1851 1721 terra
1878 1671 2082 1720 Toroni
2122 1671 2287 1733 datur,
2330 1670 2382 1718 in

200 1748 418 1798 domum
448 1749 818 1815 archiepiscopi
851 1748 1057 1798 Turoni
1085 1748 1231 1799 sitam
1261 1748 1548 1813 deportent,
1578 1746 1746 1811 sigillo
1775 1745 2011 1812 apposito
2038 1745 2290 1794 concedit.
2310 1772 2383 1778 ——

200 1822 339 1888 Odo,
381 1823 657 1873 Beritensis
697 1823 1036 1890 episcopus,1)
1078 1823 1424 1886 ReimundUS,
1467 1838 1641 1871 comes
1669 1820 2042 1886 Tripolitanus,
2077 1819 2380 1881 Joscelinus,

199 1897 332 1962 regis
359 1898 696 1963 senescalcus,
736 1898 974 1964 princeps
1004 1897 1304 1960 Rainaldus,
1346 1896 1647 1959 Rainaldus,
1689 1895 1914 1962 Sydonis
1948 1894 2211 1956 dominus,
2243 1894 2378 1942 Lau-

197 1972 393 2022 rentius
422 1973 484 2022 de
514 1973 712 2023 Franco
740 1973 875 2038 loco,
895 1972 1184 2021 Balduinus
1204 1972 1266 2020 de
1287 1972 1484 2020 Duaco.
1516 1971 1706 2019 Datum
1729 1986 1819 2036 per
1838 1985 2054 2018 manum
2075 1966 2377 2027 Guillielmi,

197 2046 568 2114 archiepiscopi
595 2047 834 2113 regisque
863 2046 1147 2096 cancellarii
1177 2045 1441 2110 (Strehlke,
1472 2062 1521 2112 p.
1563 2061 1725 2110 14——1
1745 2061 1789 2109 5,
1820 2044 1921 2093 No.
1962 2044 2055 2108 15).
2262 2041 2378 2090 615

322 2125 355 2180 ¹)
388 2124 460 2168 De
485 2138 583 2183 quo
607 2125 791 2168 ZDPV.
815 2124 872 2180 X,
901 2138 945 2182 p.
971 2137 1159 2183 23—24.

333 2240 365 2266 „
442 2204 540 2253 Jul.
581 2220 657 2269 14.
702 2202 926 2254 Velletri.
956 2230 1030 2237 ——
1058 2202 1251 2252 Lucius
1279 2202 1340 2250 III
1370 2200 1608 2249 ecclesiae
1650 2200 1699 2249 S.
1732 2198 1966 2266 Sepulcri
2000 2198 2379 2265 Hierosolymi-

196 2277 301 2327 tani
339 2278 551 2328 tutelam
590 2278 803 2344 suscipit
841 2277 1299 2344 possessionesque
1329 2289 1375 2325 et
1403 2274 1682 2341 privilegia,
1712 2286 1916 2340 petente
1945 2275 2094 2323 Petro
2123 2273 2162 2321 II
2192 2274 2378 2339 priore,

198 2351 469 2402 confirmat
486 2352 547 2416 (v.
567 2353 1057 2418 Pflugk-Harttung,
1087 2355 1212 2401 Acta
1242 2350 1431 2399 inedita
1461 2350 1515 2414 II,
1543 2366 1592 2416 p.
1619 2366 1925 2415 293—295,
1946 2349 2044 2397 No.
2068 2364 2198 2412 322;
2229 2348 2379 2398 Jaffe'-

198 2426 520 2492 Lowenfeld,
551 2428 651 2477 No.
692 2444 753 2493 14
770 2427 910 2491 681).
940 2422 954 2495 Η
992 2426 1185 2476 Lucius
1214 2426 1275 2474 ΙΙΙ
1303 2424 1485 2492 repetit
1512 2423 1840 2491 privilegium
1868 2421 2148 2472 Alexandri
2178 2441 2206 2486 9
2239 2422 2376 2488 Sept.

209 2518 342 2555 1170
367 2502 547 2552 datum
577 2501 747 2569 (supra
776 2502 876 2551 No,
906 2502 1049 2567 474).
2262 2496 2378 2544 616

335 2620 365 2646 ,‚
444 2587 580 2649 Aug.
604 2601 689 2649 25,
719 2584 824 2633 ind.
846 2584 956 2633 XV.
987 2587 1182 2632 Accon.
1212 2610 1284 2616 -—
1311 2581 1599 2630 Balduinus
1630 2580 1714 2644 IV,
1744 2597 1830 2629 rex
1859 2578 2381 2646 HierosolymitanuS,

198 2656 394 2707 Pisanis
418 2658 450 2719 1)
480 2659 700 2725 plateam
727 2659 790 2707 ad
819 2671 1031 2725 portum
1058 2657 1298 2719 Acconis,
1341 2654 1488 2720 cujus
1517 2668 1669 2721 caput
1696 2670 1865 2704 unum
1894 2666 1968 2703 est
1996 2671 2023 2703 a
2050 2654 2129 2702 via
2158 2654 2378 2719 publica,

198 2732 416 2782 alterum
444 2750 470 2782 a
498 2746 669 2800 portu,
699 2732 831 2782 latus
860 2749 1030 2782 unum
1059 2749 1086 2781 a
1105 2732 1266 2781 domo
1287 2730 1493 2779 Martini
1512 2729 1722 2797 Piperis,
1743 2729 1883 2778 aliud
1902 2746 1929 2778 a
1948 2729 2108 2778 domo
2128 2728 2378 2778 Willelmi

197 2806 487 2874 Joppensis,
521 2807 691 2872 sigillo
721 2808 894 2857 donat.
924 2835 993 2841 —
1025 2807 1352 2869 RemundUS,
1394 2821 1568 2854 comes
1607 2803 1980 2870 TripolitanUS,
2022 2803 2217 2867 Guido,
2258 2804 2381 2868 Jop—

198 2881 372 2947 pensis
400 2894 447 2931 et
475 2881 869 2932 Ascalonitanus
899 2898 1088 2945 comes,
1111 2897 1284 2930 comes
1302 2881 1324 2929 J
1330 2880 1606 2943 oscelinus,
1625 2878 1863 2945 princeps
1882 2878 2183 2940 Rainaldus,
2203 2877 2381 2926 Aime-

198 2955 334 3006 ricus
373 2956 796 3020 constabularius,
837 2957 995 3022 Hugo
1035 2954 1436 3018 Tiberiadensis,
1479 2954 1752 3003 plebanus.
1804 2954 1996 3002 Datum
2036 2969 2126 3019 per
2165 2969 2380 3001 manum

199 3030 467 3095 Willelmi,
495 3031 642 3099 Tyrii
669 3031 1043 3097 archiepiscopi
1071 3030 1309 3095 regisque
1340 3028 1621 3078 cancellarii
1653 3028 1732 3091 (G.
1765 3028 1969 3091 Muller,
2000 3044 2049 3093 p.
2075 3044 2158 3092 23,
2189 3028 2289 3076 No.
2320 3041 2378 3090 19

201 3103 280 3169 [cf.
310 3121 359 3171 p.
388 3104 728 3171 401—402];
774 3106 869 3155 Dal
897 3107 1087 3171 BorgO,
1118 3122 1167 3171 p.
1201 3105 1296 3168 96;
1342 3103 1612 3168 Muratori,
1642 3102 1818 3167 Antiq.
1852 3100 1947 3166 [ed.
1979 3100 2084 3165 fol]
2117 3101 2173 3165 II,
2204 3118 2252 3167 p.
2275 3118 2378 3164 ooo

124 3198 126 3200 ·
205 3196 407 3244 ——910,
452 3178 547 3244 [ed.
576 3178 657 3246 4⁰]
688 3180 772 3244 VI,
814 3197 862 3247 p.
898 3181 1236 3243 269—2723
1292 3178 1353 3228 cf.
1395 3177 1608 3242 Tronci,
1651 3178 1839 3227 Annal.
1882 3176 2051 3225 Pisani
2088 3176 2122 3241 1,
2165 3192 2213 3242 p.
2249 3177 2379 3240 364;

201 3254 448 3303 Archives
476 3255 525 3304 d.
556 3255 694 3307 miss,
726 3254 940 3304 scientis.
970 3255 1002 3303 l.
1034 3270 1076 3302 c.
1107 3253 1163 3317 II,
1195 3270 1244 3319 p.
1280 3252 1418 3318 363).
2266 3247 2378 3296 617

325 3333 357 3386 ¹)
392 3330 485 3387 Qui
509 3346 619 3376 cum
642 3331 975 3388 Januensibus,
1000 3329 1274 3374 Venetianis
1299 3340 1344 3374 et
1368 3328 1654 3373 Lombardis
1693 3329 1938 3373 «Octobre
1973 3326 2066 3386 jam
2104 3341 2255 3385 paene
2282 3341 2372 3370 mc-

201 3389 387 3434 diante»
413 3405 453 3434 a.
486 3391 592 3450 1183
617 3391 853 3436 Balduino
879 3392 940 3435 IV
965 3399 1301 3434 succurrerunt
1323 3389 1482 3445 (Guill.
1509 3390 1567 3433 de
1591 3389 1726 3448 Tyro
1752 3388 1894 3444 XXII,
1917 3402 1955 3432 c.
1983 3388 2072 3445 27).

336 3507 367 3533 ‚‚
446 3472 579 3521 Nov.
610 3489 687 3537 14,
720 3471 825 3521 ind.
846 3472 957 3522 XV.
991 3475 1183 3520 Accon.
1214 3498 1287 3505 —
1314 3469 1601 3519 Balduinus
1629 3470 1713 3529 IV,
1744 3486 1829 3518 rex
1858 3466 2380 3533 Hierosolymitanus,

201 3561 290 3611 per
319 3562 535 3595 manum
576 3546 786 3611 Rogerii
827 3546 1050 3609 magistri
1092 3545 1345 3611 Hospitali
1385 3544 1552 3608 sigillo
1593 3543 1861 3593 confirmat
1899 3555 2059 3591 totam
2100 3541 2380 3590 Galilaeam

201 3635 320 3668 cum
365 3620 610 3669 omnibus
640 3621 959 3686 pertinentiis
997 3638 1022 3668 a
1052 3619 1318 3669 Gualterio
1347 3619 1409 3668 de
1440 3620 1687 3668 Caesarea
1717 3619 1760 3668 V
1790 3617 2010 3665 millium
2041 3616 2379 3664 bisantiorum

202 3693 366 3759 pretio
406 3707 612 3757 emtam,
654 3694 800 3759 cujus
840 3695 1045 3743 termini
1084 3707 1204 3742 sunt
1244 3693 1549 3743 divisiones:
1592 3694 1654 3741 ab
1695 3692 1890 3741 oriente
1921 3691 2123 3739 Castelli
2165 3707 2325 3747 arcae,
2356 3707 2381 3737 a

202 3767 415 3817 meridie
454 3768 629 3818 casalis
670 3769 872 3818 domini
914 3768 1156 3817 Amalrici
1197 3784 1314 3817 cum
1356 3768 1552 3817 Aronia
1593 3780 1639 3816 et
1680 3765 1999 3833 pertinentiis
2039 3765 2278 3822 Cos-ciac,
2320 3766 2381 3812 ab

203 3842 468 3891 occidente
497 3855 545 3892 et
573 3843 698 3892 mari
730 3843 970 3907 Daidoni,
989 3844 1018 3905 ¹)
1049 3860 1075 3892 a
1104 3841 1450 3909 septentrione
1480 3842 1723 3891 casalium
1755 3841 1803 3890 S.
1824 3844 2004 3889 Annae
2035 3852 2080 3888 et
2099 3839 2305 3904 'l'cmpli
2337 3852 2381 3886 ct

331 3942 358 3998 ¹)
385 3943 528 3996 Quod
547 3943 756 3997 (londer,
773 3946 937 3995 Quart.
956 3944 1070 3985 Stat.
1098 3942 1218 3999 1890,
1238 3956 1280 3999 p.
1300 3957 1349 3999 [55
1374 3956 1476 3986 csse
1497 3950 1629 3999 putat
1649 3940 1725 3984 tell
1746 3940 1801 3983 ed
1835 3938 2381 3992 d‹“›11e11?111(s11001xlm.

2034 4043 2042 4069 ι
2065 4027 2107 4070 1*
