2684 4244
350 166 453 230 296
1288 159 1580 217 Regesta

346 360 511 410 dictus
538 357 772 407 Tehebet
801 353 902 420 [sic]
933 366 1087 419 tenet,
1118 372 1294 406 versus
1323 356 1645 406 occidentem
1674 357 1728 407 in
1754 357 1902 407 vinea
1941 358 2328 426 archiepiscopi,
2360 377 2520 426 quam

344 444 484 484 tenet
511 430 833 498 praepositus
862 429 1054 494 casaliS,
1073 446 1250 480 versus
1278 431 1684 497 septentrionem
1711 432 1765 482 in
1793 432 1955 481 vineis
1977 433 2311 499 Venetorum,
2341 451 2518 486 versus

346 520 579 558 austrum
606 505 661 554 in
687 504 835 553 vinea
863 503 1247 570 archiepiscopi,
1288 521 1445 571 quarn
1487 518 1625 555 tenet
1661 506 1879 555 rusticus
1918 507 2047 570 Zar),
2087 508 2314 574 denique
2352 504 2518 576 vinea,

347 597 505 648 quam
545 578 773 646 possidet
810 577 1030 628 rusticus
1057 578 1369 629 Thomanus
1410 579 1558 645 (quae
1598 580 1764 630 firmat
1800 596 1978 630 versus
2012 580 2263 631 orientem
2290 583 2345 632 in
2371 583 2521 634 vinea

346 654 522 707 rustici
549 655 660 718 Zar,
700 669 876 702 versus
916 652 1240 702 occidentem
1274 653 1329 702 in
1356 653 1519 703 vineis
1546 655 1887 718 Venetorum,
1914 670 2092 704 versus
2119 657 2522 722 septentrionem

347 731 402 780 in
439 730 587 778 vinea
616 726 1003 793 archiepiscopi,
1048 743 1206 792 quam
1248 739 1387 777 tenet
1428 729 1647 778 rusticus
1683 729 2002 779 Venetorum
2048 730 2350 795 Maummet)
2393 743 2442 782 et
2479 732 2521 782 II

346 806 551 867 domuS,
572 817 794 868 quarum
812 817 973 851 unam
991 801 1143 851 habet
1161 801 1483 868 praepositus
1502 802 1676 851 casalis
1704 802 2092 869 archiepiscopi,
2121 804 2330 853 alteram
2357 822 2521 872 nepos

346 878 456 944 ejus
475 878 663 927 Helem
680 876 829 941 (quae
847 875 1096 925 habitatae
1116 875 1328 925 fuerunt
1355 893 1382 925 a
1409 876 1608 926 rusticis
1625 877 1948 926 Venetorum
1965 876 2192 927 Hoibeid
2209 889 2258 927 et
2274 879 2520 944 Thacam)

347 966 394 1003 et
422 952 547 1002 aliae
576 951 655 1016 ΙΙΙ,
686 966 910 1016 quarum
937 966 1098 999 unam
1124 962 1264 999 tenet
1291 950 1512 1000 rusticus
1541 950 1910 1017 archiepiscopi
1949 951 2139 1016 Hoese,
2179 951 2331 1002 aliam
2357 953 2520 1019 Raffa,

344 1027 546 1077 tertiam
573 1023 895 1092 praepositus
931 1024 1122 1074 casalis,
1178 1024 1235 1073 In
1276 1023 1425 1074 casali
1463 1025 1728 1074 Bethoron
1756 1025 1967 1074 Venetis
2005 1037 2127 1075 sunt
2165 1026 2228 1076 III
2254 1026 2448 1092 vineae,
2477 1028 2523 1079 C

345 1103 551 1151 arbores
596 1099 877 1163 olivarum,
922 1098 1039 1148 satis
1080 1114 1267 1163 magna
1310 1098 1445 1164 petia
1488 1098 1616 1164 agri,
1662 1100 1708 1150 V
1742 1115 1952 1149 carucae
1996 1112 2043 1149 et
2084 1100 2305 1151 rusticus
2348 1102 2523 1152 Mufac

347 1175 565 1241 ejusque
594 1173 729 1223 filius
757 1173 967 1236 Hasem,
1010 1173 1224 1236 Mathar,
1255 1172 1406 1222 frater
1438 1173 1558 1222 dicti
1586 1173 1778 1237 MufaC,
1806 1174 1959 1238 Josef,
1989 1173 2125 1224 filius
2154 1174 2273 1224 dicti
2302 1176 2520 1243 Mathar,

347 1251 616 1300 Mahomet
633 1247 749 1314 Elly
767 1263 887 1296 cum
914 1247 955 1296 II
982 1245 1097 1296 filiis
1119 1245 1389 1296 Hismahel
1407 1259 1455 1296 et
1472 1247 1706 1297 Chailiel.
1736 1248 2174 1314 Archiepiscopus
2190 1265 2312 1299 vero
2330 1249 2524 1301 ibidem

346 1326 499 1374 habet
538 1323 579 1372 ΙΙ
606 1322 765 1371 11111113
806 1334 854 1370 61
890 1321 983 1371 XL
1010 1322 1217 1370 arbores
1257 1321 1510 1371 olivarum
1549 1337 1757 1371 necnon
1796 1322 1891 1371 XV
1919 1339 2139 1387 6313635,
2179 1339 2309 1389 quas
2346 1335 2525 1375 tenent

348 1397 670 1466 praepositus
714 1394 905 1460 casaliS,
950 1395 1118 1459 Alem,
1164 1395 1438 1460 Megehed,
1479 1395 1613 1460 Hali,
1656 1395 1792 1446 filius
1831 1397 2019 1463 Naym,
2057 1398 2262 1465 Braym,
2303 1398 2522 1464 Gibrim,

346 1476 488 1535 Zaar,
517 1472 681 1536 Fehd,
711 1470 941 1534 Homeil,
972 1470 1168 1533 Meuse,
1197 1470 1423 1534 Mesade,
1455 1471 1620 1535 Amie,
1648 1470 1905 1535 Hagined,
1936 1470 2081 1520 Raffa
2120 1483 2168 1521 et
2202 1473 2523 1540 praepositus

349 1548 530 1597 dictus,
585 1546 662 1595 De
693 1544 978 1594 redditibus
1006 1561 1062 1593 ac
1089 1543 1505 1610 possessionibus
1533 1545 1854 1595 Venetorum
1884 1545 2027 1612 Tyri,
2058 1561 2288 1611 quorum
2324 1547 2525 1598 tertiam

347 1633 543 1689 partem
569 1633 742 1669 tenere
771 1618 1041 1683 debebant,
1071 1617 1245 1684 plures
1272 1618 1584 1669 retinentur:
1622 1618 1677 1669 in
1705 1619 1883 1686 primis
1910 1620 2055 1669 tertia
2083 1637 2197 1687 pars
2225 1622 2525 1673 reddituum

349 1709 571 1759 catenae,
603 1710 734 1759 quae
764 1693 818 1742 in
846 1693 946 1741 hoc
974 1709 1113 1742 anno
1141 1693 1392 1759 appaltata
1421 1693 1516 1743 fuit
1543 1693 1597 1743 in
1617 1694 1995 1744 CCCCLXXX
2023 1694 2251 1746 bisantiis
2278 1696 2342 1746 ad
2368 1696 2523 1746 ratio-

347 1786 469 1820 nem
509 1770 571 1819 de
613 1780 742 1830 tota;
795 1784 883 1816 rex
922 1783 1045 1817 vero
1087 1767 1351 1817 Johannes
1394 1783 1577 1818 omnes
1621 1768 1868 1818 Surianos
1910 1770 1973 1818 ad
2013 1768 2277 1820 dationem
2318 1782 2524 1821 catenae

345 1843 590 1895 liberavit.
643 1843 769 1892 Item
796 1841 1083 1891 retinentur
1109 1841 1339 1891 redditus
1367 1854 1543 1909 portae
1570 1859 1747 1892 versus
1785 1855 1972 1893 terram
2011 1860 2131 1894 cum
2158 1860 2268 1895 uno
2296 1844 2523 1895 fundaco

347 1933 396 1970 et
424 1936 484 1969 ex
512 1917 611 1967 alio
640 1917 863 1967 fondaco
892 1915 1115 1981 tertiarii,
1157 1933 1217 1966 ex
1244 1916 1463 1966 macello
1493 1929 1541 1966 et
1569 1929 1736 1983 tuazo,
1779 1934 1839 1967 ex
1867 1918 2122 1968 mensuris
2161 1918 2422 1985 frumenti,
2463 1936 2525 1970 ex

345 1994 523 2058 vitreo,
555 2009 617 2042 ex
644 1993 762 2042 oleo
791 1991 1083 2055 sussimani,
1115 2008 1174 2040 ex
1203 1991 1353 2056 calce,
1396 2009 1456 2041 ex
1494 1991 1722 2058 piscaria,
1764 2009 1825 2042 ex
1851 1992 1975 2043 vino
2004 1992 2230 2043 cerevisii
2271 1993 2523 2060 (cervese),

347 2069 492 2134 quod
521 2066 738 2117 efficitur
767 2083 828 2115 ex
861 2066 1062 2116 hordeo
1099 2078 1146 2115 et
1175 2066 1325 2132 focay
1353 2080 1579 2131 vocatur,
1611 2083 1671 2116 ex
1697 2068 1838 2117 lacte.
1869 2067 2052 2117 Veneti
2071 2080 2243 2117 autern
2261 2067 2526 2135 possident

345 2143 474 2210 Tyri
512 2157 697 2206 rugam
736 2156 1074 2191 communem
1112 2140 1350 2206 superius
1390 2153 1438 2190 et
1476 2141 1692 2191 inferius
1732 2158 1852 2191 cum
1884 2157 2002 2206 rege
2029 2142 2174 2209 Tyri,
2203 2158 2307 2208 qua
2332 2143 2435 2193 itur
2461 2143 2525 2194 ad

346 2230 595 2281 catenam,
625 2232 781 2281 super
808 2232 912 2280 qua
939 2227 1012 2264 est
1038 2215 1174 2264 volta
1204 2226 1252 2264 et
1278 2227 1425 2281 porta
1454 2215 1681 2266 civitatis.
1725 2216 1781 2266 In
1810 2228 1950 2282 parte
1978 2216 2112 2281 regis
2140 2229 2215 2266 est
2238 2217 2525 2268 fundacum

346 2292 655 2342 Pisanorum
683 2290 745 2339 de
774 2306 891 2354 rege
921 2301 1170 2355 emptum,
1207 2289 1296 2339 ubi
1326 2302 1726 2340 construxerunt
1753 2290 2018 2340 ecclesiam
2045 2307 2202 2357 super
2230 2291 2362 2346 dicta
2387 2292 2525 2342 volta

347 2379 395 2416 et
421 2377 570 2432 porta
598 2365 680 2429 ita,
711 2376 768 2414 ut
795 2364 849 2413 in
877 2364 1199 2414 Venetorum
1228 2376 1367 2430 parte
1406 2364 1468 2414 sit
1505 2364 1649 2414 trivia
1688 2364 1824 2429 juxta
1864 2365 2021 2430 pedes
2063 2365 2324 2431 quinque;
2368 2364 2525 2431 hujus

345 2457 467 2491 vero
496 2439 735 2490 ecclesiae
762 2438 1013 2488 memoria
1041 2438 1144 2488 fere
1173 2438 1395 2488 evanuit.
1427 2439 1484 2488 In
1512 2439 1708 2488 civitate
1725 2439 1852 2506 Tyri
1880 2438 2090 2489 Venetis
2116 2439 2403 2491 retinentur
2429 2441 2525 2491 hae

346 2517 563 2565 domus:
601 2514 656 2563 in
684 2513 862 2580 primis
891 2513 1140 2562 retinetur
1166 2513 1229 2562 ab
1247 2513 1437 2578 Ugone
1465 2514 1677 2563 amirato
1706 2514 1894 2563 domus
1924 2513 2099 2579 (quam
2125 2514 2313 2564 habere
2340 2515 2526 2566 dicitur

346 2592 407 2640 ab
436 2605 597 2639 uxore
625 2606 734 2653 sua,
755 2587 857 2637 filia
873 2587 1153 2638 Zunzulini
1171 2587 1399 2652 Gazelli),
1429 2589 1657 2638 secunda
1685 2588 1861 2653 (quam
1887 2588 2117 2638 marchio
2137 2589 2333 2639 Montis
2358 2589 2525 2639 ferrati

348 2665 556 2714 dederat
584 2662 815 2712 Ansaldo
843 2661 1114 2712 Bonvisini
1143 2675 1191 2712 et
1218 2679 1361 2712 nunc
1394 2661 1626 2727 ejusdem
1664 2662 1800 2713 filius
1839 2674 1980 2712 tenet
2017 2662 2305 2714 Balduinus
2331 2664 2525 2714 Bonvi—

346 2739 480 2803 sini),
500 2737 643 2787 tertia
661 2738 850 2787 domus
877 2753 1034 2801 rugae
1063 2736 1111 2786 S.
1131 2735 1331 2786 Nicolai
1361 2736 1509 2803 (quae
1538 2755 1564 2786 a
1593 2737 1805 2787 domina
1824 2737 2135 2804 Raymunda
2152 2737 2307 2788 vidua
2323 2749 2526 2788 tenetur

347 2826 395 2863 et
423 2813 592 2862 firmat
609 2828 785 2861 versus
806 2811 1057 2861 orientem
1085 2811 1139 2860 in
1164 2811 1259 2876 via,
1280 2828 1412 2876 quae
1440 2812 1676 2862 discurrit
1704 2812 1767 2861 ad
1796 2811 2060 2861 ecclesiam
2088 2811 2138 2862 S.
2156 2811 2346 2862 Mariae
2365 2812 2525 2863 Grae-

351 2904 549 2951 corum,
569 2903 746 2936 versus
765 2899 997 2935 austrum
1025 2885 1078 2935 in
1107 2886 1203 2950 via,
1234 2902 1367 2951 quae
1396 2886 1632 2936 discurrit
1659 2898 1775 2936 ante
1817 2886 1866 2936 S.
1896 2886 2208 2950 Nicolaum).
2263 2887 2525 2937 Casalium

347 2975 394 3011 et
412 2961 822 3028 possessionum,
844 2977 976 3027 quae
997 2960 1150 3010 feuda
1169 2960 1417 3011 dominus
1436 2961 1541 3010 dux
1569 2973 1617 3010 et
1644 2977 1925 3011 commune
1942 2960 2266 3011 Venetorum
2292 2973 2524 3028 tempore

351 3036 601 3103 captionis
619 3035 745 3102 Tyri
764 3036 1005 3085 Rolando
1025 3036 1322 3085 Contareno
1341 3051 1435 3101 pro
1456 3035 1518 3084 III
1536 3034 1730 3085 militiis
1759 3035 1913 3099 dedit,
1943 3035 2126 3085 marito
2153 3035 2344 3085 scilicet
2360 3036 2525 3086 Darne

346 3111 534 3175 Guide,
566 3123 965 3160 enumerantur:
997 3109 1157 3159 casale
1185 3110 1449 3174 Latorum,
1480 3111 1624 3176 quod
1652 3122 1726 3159 est
1753 3110 1807 3159 in
1835 3110 2045 3173 Lacava,
2083 3109 2262 3160 casalia
2290 3110 2522 3175 Fetonie,

348 3185 625 3251 Melequie,
655 3185 921 3250 Ramadie,
950 3184 1176 3249 lhannie,
1207 3184 1488 3250 Sebequin,
1508 3185 1733 3249 Talabie,
1761 3184 1962 3249 Amgie,
1990 3183 2267 3249 Hameisie,
2294 3183 2525 3250 Zaharie,

348 3261 572 3324 Sahasie,
603 3260 847 3311 Conoise.
899 3259 1129 3309 Tertiam
1155 3273 1352 3326 partem
1391 3260 1583 3326 accepit
1622 3259 1890 3309 casalium:
1933 3258 2087 3322 Haiff,
2129 3259 2316 3325 Focay,
2356 3258 2522 3325 Johie,

346 3334 670 3399 Terrefelsei,
712 3346 759 3384 et
786 3334 840 3384 in
869 3333 1064 3383 civitate
1099 3335 1320 3384 domum
1359 3333 1507 3400 (quae
1547 3351 1690 3384 nunc
1727 3345 1932 3383 tenetur
1958 3350 1986 3382 a
2014 3333 2232 3384 domino
2262 3334 2325 3384 de
2352 3333 2524 3383 Berito

349 3422 398 3459 et
425 3409 594 3459 firmat
621 3409 676 3458 in
703 3408 957 3458 orientem
985 3408 1040 3458 in
1066 3409 1146 3458 via
1173 3409 1393 3475 publica,
1414 3425 1546 3474 quae
1576 3408 1812 3458 discurrit
1839 3419 1955 3457 ante
1984 3407 2034 3457 S.
2054 3408 2279 3472 Petrum,
2306 3407 2362 3458 in
2390 3407 2524 3458 occi-

350 3485 561 3534 dentem
600 3500 778 3533 versus
818 3482 1083 3532 ecclesiam
1122 3482 1171 3532 S.
1204 3483 1395 3532 Mariae
1436 3483 1770 3547 Graecorum,
1811 3498 1987 3532 versus
2026 3482 2431 3548 septentrionem
2470 3480 2524 3531 in

348 3558 507 3607 domo
543 3558 769 3608 Rolandi
798 3557 1080 3607 Contareni
1121 3557 1373 3622 minoris),
1418 3574 1550 3623 quae
1594 3557 1647 3607 in
1690 3556 1907 3606 tertieria
1940 3557 2261 3607 Venetorum
2303 3556 2524 3606 habitata

336 3632 444 3697 ,fuit
472 3650 499 3681 a
527 3644 653 3681 tunc
671 3630 844 3696 bajulo
864 3631 1175 3680 Pantaleone
1202 3632 1388 3697 Barbo,
1408 3633 1513 3696 sed,
1537 3648 1702 3698 quum
1721 3630 1886 3681 dictus
1905 3631 2176 3681 Rolandus
2194 3631 2524 3681 Contarenus

348 3707 496 3756 nullo
537 3706 725 3755 herede
758 3705 936 3755 relicto
966 3705 1189 3771 obiisset,
1220 3707 1384 3755 Dame
1413 3706 1591 3757 Guido
1620 3722 1733 3755 63111
1759 3705 2021 3755 1651113616
2049 3705 2218 3755 noluit
2244 3716 2293 3754 61
2319 3704 2524 3770 inpro-

348 3781 630 3830 tectionem
679 3780 812 3846 regis
867 3791 1101 3846 suscepta
1142 3780 1353 3830 retinuit
1405 3792 1558 3846 atque
1600 3779 1912 3830 moribunda
1954 3779 2201 3828 heredem
2243 3777 2521 3828 constituit.

348 3854 627 3919 Casalium,-
670 3871 802 3919 quae
842 3854 1128 3904 retinentur
1156 3854 1429 3904 communi
1466 3854 1521 3904 in
1548 3854 1774 3904 tertierio
1801 3853 1944 3920 Tyri,
1985 3853 2040 3902 in
2079 3853 2269 3918 quibus
2307 3852 2524 3902 habebat

346 3929 546 3978 tertiam
588 3940 801 3995 partem,
847 3944 979 3994 quae
1020 3945 1108 3978 rex
1148 3929 1335 3995 partim
1375 3929 1604 3996 possidet
1631 3940 1679 3979 et
1705 3927 1891 3996 partim
1932 3927 2181 3978 militibus
2209 3939 2257 3976 et
2283 3924 2521 3977 ecclesiae
