2684 4244
976 145 1107 204 regni
1129 144 1567 205 Hierosolymitani.
2251 168 2312 218 ²3
2331 170 2344 202 1

178 336 295 386 ville
314 337 375 402 V,
406 354 454 403 p.
478 340 562 400 78,
593 340 693 387 No.
717 339 848 402 852,
880 336 1082 399 Baluze,
1112 337 1206 401 Ep.
1227 336 1402 385 Innoc.
1434 336 1490 399 II,
1522 352 1568 401 p.
1593 336 1733 401 849).
1763 331 1777 404 ll
1806 337 1945 386 Idem
1975 337 2142 387 eidem
2175 338 2352 403 (1213)

179 410 397 473 nuntiat,
427 428 479 460 se
510 411 741 475 ejusdem
770 409 1038 477 epistolam
1068 410 1129 458 de
1161 410 1370 474 negotio
1388 410 1566 458 Erardi
1595 411 1657 459 de
1676 411 1841 460 Brena
1861 411 2068 460 missam
2089 411 2352 476 (Alberto),

179 485 447 551 quondam
492 486 801 551 patriarchae
846 484 1340 550 HierosolymitanO,
1397 497 1443 532 et
1497 484 1909 548 (Clarembaldo),
1965 486 2352 552 archiepiscopo

178 559 416 625 Tyrensi,
448 560 665 624 dedisse,
686 560 776 625 qui
806 559 1055 607 Erardum
1087 571 1135 607 et
1164 558 1452 624 philippam
1484 558 1876 608 matrimonium
1906 560 2033 609 inire
2063 573 2352 625 vetuerunt,

178 633 267 682 sed
296 634 523 683 eundern
552 635 803 684 Erardum
845 631 1002 699 paulo
1044 645 1157 698 post
1190 632 1521 681 matrimonio
1549 632 1705 681 vetito
1734 650 1786 682 se
1816 649 1936 683 cum
1965 634 2200 700 Philippa
2229 651 2354 683 con—

181 705 404 771 junxisse
435 707 656 773 (Baluze‚
686 709 779 774 Ep.
802 708 977 757 Innoc.
1010 707 1066 770 II,
1096 723 1145 772 p.
1170 708 1300 772 839,
1338 707 1530 770 Migne,
1561 706 1592 755 l.
1615 723 1654 756 c.
1677 707 1754 770 III,
1787 724 1834 772 p.
1858 725 1980 772 975,
2011 709 2110 758 No.
2146 709 2207 774 3).
2240 708 2355 757 860

180 836 521 894 Longaspatha
544 835 703 894 nupsit
725 834 922 894 ejusque
946 845 1056 893 post
1080 845 1287 879 mortem
1308 834 1518 878 Guidoni
1543 835 1600 878 de
1624 834 1885 892 Lusignan,
1909 836 2054 880 altera
2078 837 2179 880 VIII
2202 852 2355 881 annos

179 906 288 940 nata
325 895 582 953 despondit
616 894 854 939 Honfrido
892 896 950 939 de
985 896 1188 939 Turono
1221 894 1388 951 (1180).
1435 894 1553 938 Post
1588 904 1796 938 mortem
1825 895 2050 939 antedicti
2073 895 2291 940 Balduini
2314 898 2355 940 V

180 953 367 999 caelibis
393 958 451 1011 (a.
473 970 484 998 1
503 955 597 1012 185)
614 954 790 1013 Sibylla
810 953 1032 998 maritum
1052 968 1252 998 uxorem
1272 952 1551 1008 nominavit,
1566 954 1650 998 sed
1668 953 1767 1011 ipsa
1788 969 1897 998 cum
1917 954 2018 999 filiis
2038 954 2084 998 in
2104 954 2356 1000 obsidione

178 1014 386 1058 Acconis
410 1015 466 1071 (c.
492 1029 503 1057 1
529 1014 703 1059 Octob.
729 1015 852 1072 1191)
878 1013 995 1057 obiit
1019 1013 1264 1070 (Ro'hricht
1287 1012 1332 1056 in
1355 1013 1548 1057 Forsch.
1573 1012 1696 1072 1876,
1719 1028 1763 1071 p.
1789 1027 1899 1073 507,
1934 1014 2078 1071 Ilgen,
2102 1015 2297 1059 Conrad
2313 1030 2354 1058 v.

177 1073 476 1130 Montferrat,
495 1088 537 1131 p.
561 1088 655 1130 101,
673 1073 745 1117 ed.
762 1073 962 1131 Cipolla,
986 1087 1027 1130 p.
1045 1074 1252 1132 96-97).
1287 1072 1512 1116 Isabellae
1536 1087 1649 1116 vero
1675 1083 1719 1116 et
1737 1072 1974 1117 Honfredi
1997 1074 2356 1118 matrimonium

178 1132 389 1178 solutum
431 1144 515 1189 est,
551 1147 701 1191 eaque
727 1132 941 1191 quamvis
977 1132 1388 1190 consanguinitate
1422 1131 1578 1176 illicita
1613 1131 1767 1176 affinis
1805 1134 2032 1177 Conrado
2071 1134 2130 1177 de
2165 1134 2356 1177 Monte*

178 1192 354 1238 ferrato
380 1191 538 1251 nupsit
562 1191 757 1251 ejusque
782 1203 894 1250 post
917 1202 1124 1236 mortem
1149 1191 1355 1236 Henrico
1380 1192 1431 1249 11,
1457 1191 1618 1236 00111111
1638 1191 1946 1250 Campaniae,
1971 1207 2027 1236 ex
2052 1208 2148 1251 quo
2174 1193 2358 1251 peperit

178 1251 395 1296 Aalidem
419 1262 587 1310 postea
612 1252 826 1309 reginam
851 1251 1010 1310 Cypri,
1043 1262 1088 1295 et
1111 1251 1392 1309 Philippam,
1428 1265 1629 1295 uxorem
1654 1251 1852 1295 Erhardi
1876 1252 1935 1295 de
1959 1253 2127 1296 Brene.
2174 1254 2357 1296 Harum

182 1310 312 1366 prior
334 1311 650 1369 Campaniam
673 1311 959 1356 hereditario
985 1310 1084 1370 jure
1108 1311 1337 1368 repetivit,
1372 1313 1454 1355 sed
1480 1310 1641 1368 (April.
1675 1312 1800 1371 1234)
1825 1310 2079 1369 resignavit
2102 1312 2358 1369 (Potthast,

178 1372 269 1415 No.
293 1371 424 1430 7676.
446 1370 578 1431 7873,
600 1370 731 1427 8022,
754 1370 885 1431 8434,
908 1386 1038 1430 9147,
1062 1386 1192 1429 9149,
1216 1386 1347 1429 9150,
1381 1372 1523 1429 9160,
1559 1370 1781 1415 d'Arbois
1818 1372 1876 1415 de
1912 1370 2191 1416 Jubainville
2225 1372 2287 1415 IV
2302 1373 2358 1428 A,

177 1445 222 1489 p.
247 1445 329 1489 223
351 1457 401 1461 -
422 1445 521 1488 225,
546 1431 655 1488 256,
691 1431 748 1485 V,
782 1445 825 1488 p.
853 1444 962 1490 335,
1009 1430 1066 1474 cf.
1091 1431 1181 1474 No.
1209 1446 1323 1490 2310
1342 1457 1389 1460 -
1411 1445 1539 1490 2317,
1564 1431 1872 1490 2346-2352,
1897 1445 2204 1496 2397-2399,
2229 1432 2358 1486 2828,

179 1489 318 1550 3128,
352 1490 576 1549 Layettes
601 1490 663 1533 du
698 1488 852 1534 tre'sor
876 1492 957 1534 des
983 1490 1168 1534 chartes
1191 1491 1242 1547 ΙΙ,
1277 1491 1368 1534 No.
1395 1505 1703 1550 2312-2314,
1729 1506 1858 1550 2322,
1883 1498 2191 1549 2371-2376,
2217 1506 2323 1546 2421
2347 1504 2357 1547 ,

178 1550 237 1594 de
261 1550 362 1593 Mas
385 1549 542 1594 Latrie
566 1550 618 1605 ΙΙ,
641 1564 685 1608 p.
708 1565 900 1607 40-42,
919 1550 1000 1608 69,
1035 1549 1239 1606 sigillum
1262 1548 1439 1593 Aalidis
1466 1549 1676 1607 depinxit
1699 1551 1861 1594 Douet
1887 1551 2049 1608 d'Arq,
2073 1551 2162 1595 No.
2187 1550 2357 1608 11802).

250 1642 542 1708 (1212?).1)
573 1673 642 1678 —-—
672 1644 968 1694 Willelmus
998 1645 1052 1708 ΙΙ,
1085 1644 1224 1710 prior
1264 1644 1313 1694 S.
1347 1644 1635 1710 Sepulchri,
1667 1644 1913 1694 omnibus
1942 1644 2355 1711 archiepiscopis,

177 1718 431 1785 episcopis
469 1718 683 1784 aliisque
724 1718 957 1784 praelatis
986 1718 1039 1767 in
1068 1734 1228 1783 regno
1257 1718 1712 1768 Thessalonicensi
1752 1719 2038 1768 constitutis
2077 1718 2263 1784 scribit,
2305 1737 2357 1769 se

177 1809 437 1843 consensu
478 1792 684 1859 capituli
724 1794 940 1842 latorem
980 1793 1223 1859 epistolae
1265 1793 1576 1842 canonicum
1605 1794 1667 1842 N.
1697 1793 1922 1859 priorem
1953 1810 2009 1842 ac
2038 1794 2357 1859 provisorem

176 1867 420 1918 omnium
448 1868 726 1917 domorum
760 1880 807 1916 et
834 1868 1224 1933 possessionum
1256 1868 1415 1916 dictae
1444 1867 1683 1917 ecclesiae
1712 1867 1765 1916 in
1795 1868 1929 1917 dicto
1958 1884 2119 1932 regno
2147 1868 2358 1918 sitarum

176 1941 504 2012 constituisse
533 1941 784 2005 (Roziere,
815 1959 864 2008 p.
899 1959 945 2004 2,
976 1943 1077 1992 No.
1113 1958 1168 2004 2,
1214 1941 1408 2007 Migne,
1440 1959 1488 2008 p.
1530 1959 1905 2006 1111—-1112,
1946 1942 2046 1992 No.
2081 1943 2144 2006 2).
2174 1936 2188 2011 Η
2216 1943 2357 1992 Idem

177 2017 422 2066 omnibus
450 2016 687 2066 fratribus
717 2016 770 2065 in
799 2016 1091 2065 obedientia
1120 2017 1168 2065 S.
1202 2016 1472 2082 Sepulchri
1502 2017 1791 2066 constitutis
1820 2017 2013 2066 dictum
2046 2018 2357 2067 canonicum

175 2091 240 2140 N.
272 2107 413 2141 nunc
441 2091 666 2157 priorem
695 2107 751 2139 ac
780 2091 1101 2157 provisorem
1138 2092 1469 2140 commendat
1498 2091 1748 2156 (Roziere,
1779 2108 1828 2158 p.
1864 2108 1908 2156 3,
1936 2092 2037 2141 No.
2073 2108 2128 2158 3,
2162 2092 2356 2157 Migne,

177 2181 227 2232 p.
267 2166 776 2230 1112-1113,Νο.
811 2165 874 2230 3).
2243 2165 2351 2214 861

301 2256 331 2314 ¹)
349 2257 488 2300 Hunc
503 2271 681 2300 annum
697 2271 970 2315 proponere
987 2256 1230 2313 vellemus,
1246 2271 1395 2314 quum
1407 2256 1683 2301 Guillelmus
1699 2257 1736 2300 ΙΙ
1752 2271 1788 2301 0.
1808 2258 2016 2302 eundem
2034 2272 2214 2302 annum
2230 2258 2359 2324 prior

175 2314 330 2360 factus
346 2314 489 2360 fuisse
508 2317 712 2371 (ZDPV.
729 2317 843 2374 X,p.
859 2318 937 2376 43)
962 2327 1007 2360 01
1032 2332 1070 2360 a.
1095 2331 1199 2360 1212
1226 2316 1531 2360 Innocentius
1556 2317 1611 2360 ΙΙΙ
1636 2316 1963 2374 supradictum
1988 2318 2043 2360 N.
2069 2332 2358 2362 canonicum

177 2384 223 2419 et
246 2375 293 2420 S.
319 2375 568 2433 Sepulchri
591 2375 801 2433 priorem
835 2376 883 2421 S.
907 2375 1138 2420 Demetrii
1162 2375 1603 2420 Thessalonicensis
1629 2375 1839 2433 epistolis
1874 2376 2135 2435 intelligere
2159 2377 2359 2433 videtur,

177 2448 300 2492 quae
324 2445 509 2479 exstant
531 2434 578 2479 in
601 2435 792 2492 Baluze,
826 2437 910 2493 Ep.
937 2436 1098 2479 Innoc.
1123 2436 1194 2493 ΙΙΙ,
1228 2436 1278 2493 ΙΙ,
1302 2450 1344 2493 p.
1370 2436 1620 2494 628-629,
1655 2437 1744 2480 ΝΟ.
1769 2436 1851 2494 78,
1886 2436 1964 2496 631
1989 2463 2037 2468 —-
2054 2438 2155 2495 632,
2188 2438 2277 2481 No.
2302 2437 2358 2481 86

175 2494 435 2552 (Potthast,
458 2495 549 2539 No.
571 2495 704 2552 4488,
725 2498 882 2554 4500).

279 2586 428 2636 1213
458 2588 605 2638 Febr.
631 2590 713 2639 28.
745 2589 997 2638 Laterani.
1027 2618 1099 2623 —
1129 2589 1463 2639 Innocentius
1493 2589 1554 2638 III
1584 2589 1835 2652 (Leonem
1865 2589 1940 2652 ΙΙ),
1971 2605 2146 2655 regem
2176 2594 2359 2640 Arme-

177 2662 308 2728 niae,
329 2676 537 2729 propter
554 2663 720 2712 varios
749 2681 1002 2728 excessus,
1024 2680 1156 2729 quos
1185 2663 1359 2712 litteris
1390 2664 1700 2729 patriarchae
1722 2664 2033 2713 Antiocheni
2063 2676 2111 2713 et
2138 2665 2358 2714 aliorum

178 2750 504 2802 cognoverat,
546 2738 785 2804 increpat.
841 2739 977 2788 Cum
1007 2739 1147 2788 enim
1178 2738 1308 2787 inter
1335 2738 1506 2804 ipsum
1537 2750 1586 2787 et
1614 2737 1973 2787 Antiochenos
2002 2738 2120 2787 dicti
2151 2740 2360 2805 patriar*

177 2812 301 2861 chae
330 2811 503 2862 studio
541 2824 748 2876 treugae
791 2813 946 2862 factae
989 2812 1219 2877 fuissent,
1262 2829 1347 2861 rex
1378 2813 1430 2861 in
1459 2825 1640 2861 terram
1672 2812 2054 2862 Antiochenam
2087 2814 2360 2879 Rupinum

178 2899 423 2953 nepotem
452 2886 678 2951 immisit,
710 2887 799 2952 qui
829 2887 1007 2936 casalia
1036 2887 1365 2936 ecclesiarum
1408 2886 1690 2936 combussit
1718 2898 1766 2936 et
1794 2888 2035 2953 praedam
2066 2889 2109 2937 C
2138 2889 2359 2938 millium

177 2960 518 3010 bisantiorum
561 2963 891 3010 excedentem
935 2962 1160 3010 abduxit.
1221 2962 1435 3027 Insuper
1478 2962 1760 3026 quendam,
1807 2962 1897 3027 qui
1941 2978 2035 3027 pro
2078 2963 2361 3028 patriarcha

178 3034 507 3084 Antiocheno
535 3053 587 3084 se
615 3037 837 3101 gerebat,
867 3036 955 3084 sed
987 3053 1013 3084 a
1043 3036 1322 3101 patriarcha
1352 3036 1826 3102 Hierosolymitano
1867 3036 2131 3102 depositus
2165 3051 2211 3086 et
2241 3054 2360 3087 cum

178 3109 422 3158 omnibus
459 3109 743 3159 fautoribus
777 3110 1254 3159 excommunicatus
1284 3123 1371 3174 est,
1414 3110 1637 3175 benigne
1667 3110 1891 3176 suscepit
1919 3123 1967 3159 et
1996 3124 2111 3176 post
2140 3126 2360 3161 mortem

179 3183 321 3232 electi
338 3183 624 3247 Tarsensis,
645 3200 803 3250 quem
832 3185 967 3234 idem
996 3184 1276 3250 patriarcha
1304 3197 1568 3250 sperasset,
1589 3184 2036 3251 archiepiscopum
2069 3185 2360 3235 institutum

179 3257 254 3321 iri,
285 3258 462 3306 casalia
492 3258 651 3308 dictae
681 3259 918 3307 ecclesiae
949 3259 1194 3307 militibus
1224 3258 1329 3307 suis
1371 3258 1538 3307 divisit
1578 3272 1640 3321 et,
1683 3259 1877 3307 clericis
1917 3259 2086 3307 latinis
2115 3261 2358 3326 expulsis,

179 3347 386 3395 graecos
415 3331 676 3381 intrudere
708 3333 1063 3398 praesumpsit.
1108 3332 1314 3393 Quibus
1344 3333 1406 3381 de
1435 3334 1600 3382 causis
1621 3333 1953 3382 Innocentius
1973 3333 2166 3383 dictum
2188 3351 2360 3398 regem

180 3418 375 3468 monet,
419 3419 473 3455 ut
501 3406 809 3471 patriarchae
851 3421 898 3456 et
938 3407 1173 3455 ecclesiae
1220 3407 1487 3472 praedictis
1528 3407 1811 3471 satisfaciat,
1858 3407 2092 3472 alioquin
2133 3426 2184 3457 se
2227 3408 2361 3457 dicto

182 3478 508 3544 patriarchae,
538 3480 873 3545 suffrageneis
902 3480 1011 3545 ejus
1041 3494 1088 3529 et
1117 3481 1370 3547 episcopis
1390 3482 1547 3548 Cypri
1579 3482 1943 3531 mandaturum
1965 3499 2089 3543 0550,
2113 3496 2166 3531 111
2188 3499 2360 3546 regem

183 3550 281 3616 jam
311 3555 814 3604 excommunicatum
848 3573 905 3604 ex
936 3556 1029 3603 hac
1063 3572 1275 3620 quoque
1304 3572 1453 3605 causa
1483 3556 1649 3605 eidem
1690 3556 1901 3604 vinculo
1942 3555 2202 3605 astrictum
2234 3574 2360 3614 0550,

183 3626 488 3676 denuntient
528 3628 581 3677 in
622 3629 815 3678 dictum
858 3642 1098 3694 nepotem
1140 3642 1185 3678 et
1216 3629 1437 3678 fautores
1477 3630 1782 3679 sententiam
1826 3630 2158 3695 proferentes,
2202 3648 2359 3695 seque

184 3700 658 3767 Hierosolymitano
687 3716 735 3751 et
764 3704 921 3769 Cypri
952 3704 1174 3766 regibus,
1206 3703 1486 3753 baronibus
1515 3722 1570 3753 ac
1602 3704 1837 3753 fratribus
1855 3704 2061 3770 'l'empli
2093 3719 2137 3753 et
2171 3706 2358 3770 Hospi—

183 3774 293 3823 talis
333 3791 539 3824 necnon
580 3778 860 3843 peregrinis
892 3778 941 3826 in
971 3794 1132 3841 regno
1175 3777 1650 3844 Hierosolymitano
1691 3778 1977 3827 constitutis
2019 3779 2355 3842 mandavisse,

184 3864 248 3897 ne
276 3848 412 3898 dicto
440 3850 543 3913 regi
580 3851 852 3900 consilium
895 3852 971 3900 vel
1013 3851 1261 3901 auxilium
1306 3853 1604 3918 impendant
1645 3852 1847 3914 (Baluze
1878 3853 1932 3913 II,
1965 3869 2011 3917 p.
2047 3870 2356 3918 7134—7235.

183 3923 282 3973 No.
317 3937 374 3983 2;
417 3923 592 3989 Migne
623 3925 699 3989 Ill,
730 3942 778 3991 p.
812 3928 1119 3990 784-786,
1151 3927 1249 3975 No,
1285 3942 1339 3988 2,
1385 3928 1625 3990 I'otthast,
1658 3928 1756 3976 No.
1787 3928 1965 3991 4677).
2242 3927 2356 3974 862
