2684 4244
377 173 477 237 348
1310 163 1602 220 Regesta

371 364 547 414 pacem
576 363 695 396 cum
724 345 964 412 Philippo
993 345 1056 395 de
1086 345 1403 409 Monteforti,
1433 345 1651 396 domino
1678 344 1820 412 Tyri,
1849 346 2029 395 factam
2058 344 2226 410 sigillo
2254 344 2536 398 confirmat.

370 422 638 487 Philippus
677 420 817 469 enim
857 419 1102 469 omnibus
1141 419 1485 469 Januensibus
1525 420 1579 469 in
1619 419 1856 470 dominio
1895 437 1993 470 suo
2033 419 2321 470 constitutis
2348 420 2539 470 securi-

369 508 537 559 tatem,
574 495 794 543 liberum
835 493 1210 543 commercium
1239 506 1286 543 et
1323 492 1536 543 liberam
1576 493 1770 543 curiam
1809 493 2060 560 promittit
2098 510 2304 545 necnon
2342 505 2541 561 praeter

370 569 562 618 tertiam
593 580 788 633 partem
815 567 1114 617 reddituum
1132 579 1337 617 catenae
1364 580 1412 617 et
1435 568 1597 617 multa
1613 567 1707 617 alia
1724 567 1988 634 privilegia
2005 567 2258 632 concedit,
2278 580 2335 618 ut
2351 584 2540 634 aquam

369 644 431 692 de
460 643 721 692 conductu
761 641 815 690 in
854 654 983 690 terra
1020 658 1112 691 sua
1151 641 1387 705 habeant,
1418 659 1549 707 quae
1590 654 1663 691 est
1700 643 1881 691 subtus
1921 658 2067 691 arcus
2094 642 2382 693 conductus
2409 642 2541 692 inter

368 732 644 765 massaram
683 715 1024 765 Januensium
1063 728 1111 765 et
1149 716 1512 766 molendinum
1558 715 1772 767 Gerardi
1815 715 2065 780 Fornerii,
2109 732 2204 782 pro
2247 716 2539 767 canamellis

369 790 628 840 faciendis,
671 790 887 856 Insuper
914 789 1186 840 confirmat
1212 790 1431 856 plateam
1461 803 1508 840 et
1534 806 1734 855 rugam,
1764 805 1896 855 quae
1924 789 2103 856 incipit
2127 790 2183 840 in
2210 790 2388 856 ruella,
2406 806 2540 856 quae

368 877 441 914 est
468 865 598 913 inter
625 864 844 914 domum
870 863 996 914 olim
1013 864 1256 914 Rollandi
1275 864 1582 914 Mainebuef
1603 882 1630 913 a
1658 864 1861 913 dextera
1889 876 1937 913 et
1964 865 2185 914 domum
2210 864 2448 915 Thomae
2476 864 2541 915 de

368 939 407 988 F
411 938 566 1003 aigno
595 955 621 987 a
649 938 864 1002 sinistra,
905 938 1036 988 sicut
1073 938 1174 988 itur
1201 939 1264 988 de
1292 950 1446 1005 portu
1475 955 1566 1005 per
1592 938 1731 988 illam
1760 937 1977 988 ruellam
2016 938 2254 1004 superius
2282 954 2449 1005 usque
2476 939 2540 990 ad

367 1029 548 1076 rugam
579 1013 641 1061 de
660 1013 948 1062 Carentena
977 1025 1024 1062 et
1050 1012 1181 1062 sicut
1208 1013 1308 1063 itur
1335 1012 1527 1063 illamet
1554 1013 1661 1079 ipsa
1690 1029 1815 1077 ruga
1843 1013 1906 1062 de
1924 1013 2172 1062 Carentea
2198 1029 2376 1063 versus
2403 1013 2539 1064 occi-

368 1087 574 1137 dentem
592 1103 759 1152 usque
788 1087 850 1136 ad
879 1087 1113 1137 medium
1130 1086 1312 1152 voltae,
1333 1103 1465 1153 quae
1484 1100 1557 1137 est
1573 1086 1691 1137 loco
1709 1087 1891 1152 vicina,
1912 1087 2003 1152 qui
2021 1084 2232 1137 vocatur
2249 1086 2300 1137 S.
2315 1087 2539 1153 Esquer-

366 1173 494 1225 rant,
536 1173 584 1210 et
610 1161 747 1210 vadit
785 1177 876 1227 per
914 1162 1146 1211 medium
1187 1162 1374 1211 camini
1414 1161 1544 1211 ultra
1584 1161 1892 1211 dimittendo
1931 1161 2020 1211 XII
2053 1160 2214 1211 voltas
2240 1160 2450 1228 Templi
2477 1161 2542 1212 ad

367 1252 582 1285 manum
623 1235 895 1301 sinistram,
938 1248 985 1285 et
1024 1234 1304 1286 curtillium
1345 1235 1613 1287 Guilielmi
1653 1235 1929 1286 Carehadit
1967 1236 2031 1285 ad
2065 1252 2284 1286 manum
2311 1235 2539 1286 dextram

367 1326 533 1375 usque
561 1310 624 1359 ad
653 1326 865 1359 murum
884 1310 1134 1375 vetulum,
1155 1310 1246 1375 qui
1274 1310 1370 1360 fuit
1397 1310 1678 1377 antiquitus
1697 1309 1932 1360 clausura
1949 1309 2114 1375 villae,
2135 1321 2183 1360 et
2201 1309 2331 1360 sicut
2347 1308 2542 1360 illemet

368 1401 548 1434 murus
576 1383 770 1434 solebat
798 1384 868 1433 ire
896 1401 1074 1435 versus
1102 1386 1313 1434 boream
1341 1402 1508 1451 usque
1537 1386 1601 1435 ad
1629 1384 1910 1450 caminum,
1942 1384 2033 1450 qui
2060 1384 2238 1450 incipit
2264 1401 2292 1434 a
2320 1395 2541 1435 cantone

367 1458 569 1522 curtilii,
605 1459 749 1524 quod
789 1471 862 1508 est
887 1460 1211 1510 Venetorum
1241 1476 1267 1508 a
1296 1476 1456 1509 manu
1496 1460 1682 1524 dextra,
1722 1471 1770 1508 et
1808 1458 2009 1523 curtilii,
2051 1459 2195 1525 quod
2234 1458 2330 1509 fuit
2366 1458 2540 1509 Jacobi

365 1533 662 1583 Bonvaissel
690 1550 717 1582 a
746 1549 903 1583 manu
933 1533 1150 1598 sinistra,
1193 1546 1240 1583 et
1266 1533 1397 1583 sicut
1424 1534 1615 1584 illemet
1642 1533 1876 1583 caminus
1903 1532 2040 1583 vadit
2074 1549 2250 1584 versus
2289 1532 2538 1583 orientem

366 1607 579 1657 inferius
622 1607 929 1657 dimittendo
968 1625 995 1657 a
1034 1608 1204 1657 dextra
1249 1608 1466 1658 domum
1513 1607 1726 1659 Gerardi
1769 1608 2054 1674 Cachepart
2095 1619 2143 1658 et
2183 1607 2364 1672 voltaS,
2407 1623 2540 1674 quae

368 1682 576 1731 fuerunt
603 1681 1038 1746 VidalisCalefat,
1078 1698 1245 1747 usque
1286 1682 1348 1731 ad
1387 1683 1574 1732 vallem
1601 1682 1665 1732 ad
1693 1694 1975 1732 cantonum
2014 1681 2228 1732 inferius
2257 1679 2565 1747 darcenale,-

366 1756 454 1807 ubi
482 1768 603 1806 sunt
630 1755 814 1823 voltae,
845 1773 976 1822 quae
1017 1756 1229 1806 fuerunt
1266 1757 1399 1806 Petri
1438 1758 1604 1822 DOUS,
1648 1769 1695 1806 et
1733 1770 1850 1823 post
1888 1757 2155 1807 revertitur
2193 1769 2325 1806 recte
2364 1772 2541 1806 versus

366 1830 635 1880 meridiem
663 1847 831 1896 usque
859 1831 922 1880 ad
951 1843 1251 1894 cantonum,
1272 1831 1362 1896 qui
1391 1844 1464 1881 est
1490 1832 1553 1881 ad
1581 1847 1798 1881 manum
1827 1830 2085 1881 sinistram
2113 1831 2176 1880 de
2203 1829 2379 1895 ruella,
2406 1846 2540 1896 quae

364 1905 501 1954 vadit
539 1921 716 1955 versus
757 1905 807 1955 S.
837 1906 1103 1955 Andream
1131 1906 1193 1955 de
1222 1906 1426 1971 Josafat,
1467 1905 1521 1955 in
1549 1922 1657 1972 quo
1686 1917 1912 1956 cantono
1940 1917 2062 1956 sunt
2101 1905 2141 1955 II
2169 1905 2376 1970 domUS,
2406 1921 2540 1971 quae

366 1979 577 2029 fuerunt
614 1980 853 2029 Thomae
896 1981 1058 2030 DOUS.
1126 1983 1188 2029 Et
1225 1979 1357 2029 sicut
1395 1980 1479 2030 ille
1519 1997 1701 2031 murus
1738 1979 1877 2030 vadit
1914 1980 1968 2030 in
2007 1979 2095 2030 illo
2135 1995 2298 2046 rengo
2325 1978 2540 2030 inferius

367 2070 533 2119 usque
561 2054 624 2103 ad
652 2054 931 2104 modulum
960 2067 1007 2104 et
1045 2054 1112 2103 ita
1151 2054 1281 2104 sicut
1317 2054 1420 2105 itur
1458 2055 1512 2104 in
1551 2056 1712 2105 modo
1755 2055 1993 2121 superius
2036 2053 2174 2104 dicto
2216 2054 2280 2104 ad
2321 2069 2540 2104 manum

366 2129 596 2178 dextram
634 2141 864 2179 remanet
900 2129 1246 2179 Januensibus
1275 2140 1323 2178 et
1351 2146 1534 2179 omnes
1562 2146 1718 2196 rugae
1759 2129 1946 2179 camini
1975 2127 2243 2179 darcenale
2270 2140 2320 2179 et
2346 2127 2541 2195 plateae

367 2215 414 2253 et
442 2215 618 2267 terrae,
649 2219 781 2269 quae
810 2202 1101 2269 junguntur
1136 2203 1310 2253 divisis
1349 2203 1587 2271 superius
1627 2204 1773 2254 dictis
1811 2215 2081 2253 remanent
2120 2203 2354 2254 domino,
2407 2202 2541 2253 Intra

365 2294 488 2327 vero
517 2278 674 2327 dictas
703 2278 888 2327 divisas
917 2277 1188 2328 communi
1205 2279 1397 2328 Januae
1426 2279 1706 2343 ecclesiam,
1736 2277 2000 2345 palatium,
2019 2277 2230 2343 logiam,
2250 2277 2466 2328 furnum
2493 2288 2542 2327 et

366 2352 459 2401 alia
486 2351 715 2402 aedificia
743 2353 806 2402 acl
834 2370 981 2403 suam
1010 2353 1328 2403 voluntatem
1357 2369 1524 2419 usque
1552 2353 1607 2403 in
1635 2354 1676 2403 II
1704 2352 1920 2417 solariiS,
1949 2369 2121 2418 neque
2155 2364 2330 2402 tamen
2356 2350 2537 2402 turrim

366 2427 470 2476 sive
499 2426 656 2492 aliud,
687 2428 832 2493 quod
860 2427 1081 2494 pertinet
1109 2428 1172 2477 ad
1202 2426 1518 2493 fortaliciam,
1549 2427 1814 2478 aedificare
1841 2427 1974 2478 licet.
2018 2427 2234 2494 Insuper
2259 2427 2542 2476 Januenses

367 2500 706 2567 possidebunt
744 2501 1007 2567 balneum,
1048 2502 1192 2568 quod
1232 2501 1358 2551 olim
1398 2514 1696 2567 tenuerunt,
1736 2503 1817 2552 vel
1845 2502 2002 2567 aliud,
2032 2502 2175 2567 quod
2214 2501 2270 2550 in
2297 2518 2423 2568 ruga
2449 2517 2542 2551 sua

366 2574 760 2642 aedificaverint,
805 2593 1014 2627 necnon
1055 2576 1110 2626 in
1153 2577 1334 2626 eadem
1376 2594 1502 2643 ruga
1555 2577 1817 2628 cambium
1857 2576 1939 2626 vel
1980 2576 2178 2626 tabulas
2229 2575 2296 2626 IV
2339 2574 2540 2639 cambii,

367 2650 615 2700 dominus
644 2662 816 2700 autem
834 2651 961 2718 Tyri
989 2651 1044 2701 in
1071 2668 1198 2717 ruga
1216 2651 1468 2701 antedicta
1487 2652 1791 2716 cantarium,
1810 2650 2032 2715 buciam,
2052 2650 2292 2700 modium
2318 2661 2368 2700 et
2394 2665 2542 2699 men-

366 2741 509 2774 suras
537 2740 631 2791 pro
660 2726 1002 2791 ponderando
1032 2737 1080 2776 et
1106 2727 1460 2776 mensurando
1480 2726 1702 2776 habebit.
1745 2726 1887 2776 Idem
1913 2741 2036 2775 vero
2064 2723 2335 2775 communi
2363 2722 2543 2774 casalia

368 2799 417 2849 S.
449 2798 661 2864 Georgii
689 2811 738 2849 et
764 2800 1036 2866 Laoraque
1071 2816 1278 2850 necnon
1317 2817 1570 2865 magnum
1608 2800 1884 2866 jardinum,
1914 2800 2059 2866 quod
2097 2798 2194 2850 fuit
2230 2798 2454 2864 reginae,
2495 2809 2544 2848 et

368 2890 601 2940 parvum,
622 2874 766 2939 quod
785 2886 859 2924 est
875 2877 1058 2925 subtus
1086 2874 1369 2941 castellum,
1390 2874 1771 2940 molendinum,
1790 2875 1934 2941 quod
1961 2886 2117 2939 tenet,
2147 2885 2197 2924 et
2222 2872 2542 2937 hereditateS

368 2965 496 3013 quas
549 2949 718 2998 adhuc
769 2949 966 3015 habuit,
1022 2948 1308 3014 confirmat,
1362 2951 1452 2999 sed
1504 2967 1667 3017 prope
1720 2966 1903 3014 rugam
1954 2948 2294 2998 Januensium
2344 2945 2543 2997 tabulas

368 3023 408 3071 II
436 3022 706 3072 bochariae
734 3023 919 3073 retinet
947 3035 996 3074 et
1024 3024 1302 3088 constituit,
1342 3040 1407 3074 ne
1435 3024 1675 3074 bocharia
1705 3036 1753 3073 et
1780 3022 1991 3090 piscaria
2019 3035 2229 3073 utantur
2256 3021 2354 3072 nisi
2381 3021 2542 3088 ipsius

368 3113 643 3147 consensu.
685 3098 969 3148 Januenses
996 3114 1119 3148 vero
1147 3098 1474 3164 pollicentur,
1494 3116 1546 3148 se
1566 3099 1759 3149 dictum
1780 3098 2057 3148 dominum
2075 3095 2291 3163 ejusque
2308 3096 2540 3160 heredeS,

369 3171 619 3220 civitatem
647 3189 703 3221 ac
729 3184 941 3239 portum
970 3173 1274 3223 defensuros
1311 3190 1436 3238 esse,
1479 3186 1527 3223 et
1555 3173 1822 3239 Philippus
1850 3171 2138 3238 confirmat,
2178 3187 2231 3220 se
2259 3171 2542 3220 Januenses

367 3246 494 3312 Tyri
536 3246 840 3296 constitutos
880 3264 936 3296 ac
973 3263 1249 3297 mansuros
1288 3263 1578 3313 eorumque
1618 3246 1881 3314 privilegia
1920 3263 1976 3296 ac
2014 3263 2094 3296 res
2132 3245 2187 3295 in
2225 3244 2403 3310 mod0,
2433 3251 2541 3310 quo

369 3319 614 3369 dividitur
642 3320 696 3369 in
724 3320 825 3374 hoc
851 3321 1057 3388 scripto,
1089 3334 1355 3388 protegere
1383 3321 1513 3371 velle
1541 3321 1690 3371 salvis
1718 3337 1901 3371 eorum
1941 3320 2168 3370 dominis
2209 3318 2397 3369 scilicet
2423 3335 2542 3383 rege

368 3393 628 3459 Franciae,
670 3395 854 3444 comite
896 3396 957 3446 de
998 3395 1300 3446 Monteforti
1328 3407 1378 3446 et
1405 3396 1623 3446 domino
1662 3395 1808 3461 regni
1846 3393 2321 3461 Hierosolymitani.
2350 3419 2424 3429 -
2450 3392 2542 3442 Ido

369 3468 660 3531 Lercarius
702 3469 940 3533 magister
977 3469 1219 3520 Albertus
1258 3471 1321 3520 de
1361 3469 1545 3537 Casali,
1585 3470 1893 3521 Bauduinus
1936 3469 1999 3519 de
2039 3467 2208 3532 Salvo,
2251 3467 2451 3534 Symon
2478 3466 2542 3516 de

370 3543 604 3592 Pomaria
649 3556 696 3592 et
737 3544 956 3594 Jacobus
999 3545 1233 3595 Fontana
1276 3545 1475 3595 notarii.
1533 3544 1846 3595 Guilielmus
1884 3543 2166 3607 PaiarinUS,
2207 3540 2334 3592 sacri
2370 3539 2541 3608 palatii

371 3617 618 3683 notarim,
649 3617 847 3684 scripsit
876 3618 1137 3682 (Archives
1167 3619 1231 3668 de
1258 3618 1480 3668 lOrient
1506 3618 1632 3669 latin
1659 3619 1700 3668 II
1713 3620 1770 3684 B,
1799 3635 1849 3685 p.
1883 3634 1982 3683 225
2001 3632 2212 3683 230,
2240 3617 2340 3666 No.
2370 3630 2433 3680 43
2476 3613 2538 3664 cf.

370 3691 598 3756 Olivieri,
628 3708 678 3758 p.
710 3693 944 3758 6061,
1033 3709 1086 3759 53
1131 3693 1278 3743 Serra
1305 3693 1387 3758 IV,
1416 3710 1465 3760 p.
1505 3694 1630 3759 146
1674 3692 1828 3759 Heyd
1855 3691 1889 3756 I,
1920 3708 1969 3759 p.
2003 3691 2141 3757 352).
2391 3686 2535 3737 1331

452 3793 602 3842 1264
631 3794 749 3860 Maj.
774 3813 857 3861 25.
894 3797 1052 3863 Apud
1079 3798 1275 3848 Urbem
1304 3798 1559 3848 Veterem.
1688 3797 1932 3848 Urbanus
1959 3795 2027 3846 IV
2055 3794 2373 3859 (GuillelmO,
2404 3793 2542 3843 fratri

374 3870 677 3934 Minorum),
709 3870 952 3937 episcopo
980 3872 1337 3936 Anteradensi,
1379 3870 1526 3936 cujus
1565 3884 1909 3921 antecessores
1948 3869 2158 3936 Templi
2186 3881 2234 3919 et
2260 3867 2542 3934 Hospitalis

373 3944 624 4008 magistris
668 3944 881 4010 aliisque
924 3945 1117 3995 clericis
1159 3946 1409 4011 religiosis
1452 3959 1499 3995 et
1540 3945 1854 3996 secularibus
1896 3956 2092 4012 partem
2135 3943 2452 3994 decimarum
2494 3954 2542 3991 et
