2684 4244
967 166 1099 225 regni
1122 166 1555 226 Hierosolymitani.
2242 191 2264 234 3
2284 191 2296 222 1
2322 191 2335 222 1

169 350 264 402 fuit
291 350 493 416 Ugonis
523 350 797 414 calderarii,
838 350 960 399 aliae
991 350 1028 399 Il
1059 351 1264 414 domus,
1294 366 1516 415 quarum
1558 367 1660 400 una
1701 351 1864 416 posita
1901 363 1974 399 est
2001 351 2062 400 ad
2093 351 2346 401 Ordamer

168 425 306 490 juxta
334 441 546 475 murum
575 424 871 490 Hospitalis,
914 438 1131 490 apautus
1173 425 1404 473 carnium
1434 425 1748 487 communis,
1791 426 1830 473 II
1860 427 2019 474 banca
2048 426 2345 475 communis

168 513 282 549 ante
302 499 566 548 ecclesiam
593 500 641 548 S.
658 499 831 548 Jacobi
851 499 957 561 sita,
980 499 1163 548 furnus
1183 498 1478 548 communis
1499 515 1643 548 more
1662 499 1813 548 solito
1831 499 2064 563 licitatus,
2087 499 2345 561 jardinum

169 573 480 635 communis,
520 574 664 638 quod
694 586 767 622 est
810 574 939 622 intra
984 573 1234 622 civitatem
1273 577 1649 633 Acconensem,
1697 590 1841 623 more
1885 573 2036 623 solito
2078 574 2343 624 licitatum.

171 647 387 698 Summa
405 664 527 697 vero
556 661 840 713 apautuum
859 647 1115 697 dictorum
1144 648 1205 696 ad
1235 663 1434 696 annum
1465 659 1537 695 est
1567 648 1687 696 MIII
1707 648 1909 696 bisantii
1929 661 1974 696 et
1991 649 2153 698 XVIII
2173 649 2344 713 karati,

169 722 231 771 de
272 722 461 787 quibus
502 735 805 788 receperunt
846 722 939 770 DX
974 722 1220 771 bisantios
1259 736 1306 770 et
1336 722 1379 771 V
1410 722 1606 770 karatos
1647 738 1756 770 non
1796 722 1973 787 positis
2014 722 2115 786 (sic)
2157 723 2209 771 in
2250 723 2347 771 hiis

167 796 443 860 solutione,
485 813 642 862 quam
687 797 980 846 habuerunt
1009 797 1070 845 de
1101 797 1260 845 domo
1289 795 1539 844 Johannis
1569 796 1798 844 Antelmi
1834 812 2005 861 neque
2034 797 2087 845 in
2117 797 2344 846 introitu.

168 874 473 936 Apautuum
516 871 906 936 possessionum
946 883 1082 919 extra
1110 873 1289 919 Accon
1317 870 1529 918 sitarum
1559 882 1706 919 sunt:
1749 869 1994 919 balneum
2024 871 2085 920 de
2122 871 2345 935 Nicosia,

168 945 358 994 domus
378 945 440 993 de
461 945 783 1009 Famagusta,
815 944 1180 994 molendinum
1210 945 1272 993 de
1301 944 1461 1010 Tyro.
1507 944 1710 993 Domus
1739 960 1878 1008 vero,
1910 946 2049 993 unde
2079 946 2348 994 annuatim

170 1035 355 1068 census
391 1020 695 1080 redduntur,
726 1032 872 1068 sunt:
916 1020 1104 1068 domus
1144 1018 1391 1068 Fulconis
1431 1019 1494 1067 de
1536 1018 1695 1082 Logia
1724 1030 1773 1067 et
1800 1019 2051 1068 heredum
2090 1019 2350 1068 Lamberti

168 1094 437 1159 quondam
458 1093 635 1157 fratris,
656 1094 845 1143 domus
864 1093 1037 1143 Jacobi
1057 1094 1118 1142 de
1138 1094 1304 1155 Porta,
1334 1092 1592 1141 Bonaviae
1623 1093 1685 1141 de
1716 1092 2079 1157 S.Laurentio,
2099 1093 2349 1143 Johannis

170 1168 472 1230 Curnudae,
495 1168 739 1217 Durantis
757 1168 1043 1230 Bancherii,
1065 1184 1197 1233 quae
1219 1167 1314 1216 fuit
1331 1167 1582 1216 Johannis
1603 1166 1870 1231 Malfitani,
1892 1168 2080 1216 domus
2098 1168 2349 1217 Johannis

169 1241 419 1292 Malfitani
460 1242 719 1306 contigua,
765 1242 1027 1291 Laurentii
1058 1243 1119 1290 de
1150 1241 1470 1303 Guillielmo,
1516 1242 1649 1290 Petri
1684 1241 1746 1290 de
1776 1241 2031 1306 Varagine
2061 1243 2348 1307 quondam,

167 1316 341 1367 jacobi
394 1317 456 1366 de
500 1316 769 1381 Varagine,
815 1316 1066 1366 Johannis
1111 1317 1253 1379 Feto,
1300 1315 1619 1379 Cavallaroti,
1673 1314 1868 1379 gastina
1922 1316 2057 1365 Boni
2099 1316 2350 1366 Johannis

168 1391 420 1455 admirati,
466 1391 656 1440 domus
697 1389 948 1455 ejusdem,
994 1390 1255 1440 Laurentii
1296 1391 1358 1439 de
1400 1389 1726 1453 Vintimillio,
1769 1390 2023 1440 Grimaldi
2062 1391 2349 1454 Bancherii,

167 1466 578 1528 Bonaventurae,
609 1481 740 1530 quae
782 1466 876 1515 fuit
919 1465 1074 1528 Egiae
1120 1465 1388 1530 quondam
1434 1464 1634 1528 matris,
1678 1465 1829 1513 turris
1872 1478 2033 1529 vetus,
2080 1481 2212 1530 quae
2257 1465 2352 1515 fuit

170 1538 431 1590 Marchisii
459 1540 522 1588 de
558 1540 816 1589 Rodoano
857 1552 904 1589 et
944 1556 1085 1588 nunc
1126 1551 1199 1588 est
1237 1539 1486 1588 Johannis
1526 1539 1824 1602 Castaneae,
1868 1540 2056 1589 domus
2097 1540 2350 1589 heredum

169 1613 454 1666 Guillielmi
484 1614 545 1663 de
575 1614 737 1677 Petra,
768 1615 807 1663 ΙΙ
837 1615 1025 1663 domus
1054 1614 1307 1663 heredum
1336 1613 1606 1678 quondam
1631 1613 1882 1662 Johannis
1911 1613 2130 1678 Galiani,
2162 1615 2352 1664 domus

168 1688 407 1739 ecclesiae
448 1688 498 1738 S.
529 1688 810 1752 Laurentii,
853 1688 1138 1738 Guillielmi
1180 1689 1242 1737 de
1282 1688 1530 1753 LagnetO,
1574 1704 1706 1753 quae
1750 1687 1844 1737 fuit
1883 1687 2099 1753 Cataldi,
2147 1689 2270 1738 aliae
2311 1689 2350 1737 ΙΙ

168 1764 358 1813 (10111115
387 1762 506 1811 (11611
536 1762 824 1813 (3111111611111
853 1764 915 1812 de
946 1763 1194 1827 LagnetO,
1236 1763 1426 1812 domus
1467 1763 1713 1811 Durantis
1752 1763 2040 1827 Bancherii,
2084 1779 2215 1828 quae
2257 1763 2353 1812 fuit

169 1837 438 1903 quondam
478 1836 675 1902 Clarae,
718 1838 924 1901 domus,
968 1854 1098 1902 quae
1140 1837 1236 1886 suit
1275 1837 1514 1886 Donadei
1554 1836 1816 1902 Angelerii
1858 1849 1906 1885 et
1946 1853 2088 1886 nunc
2117 1850 2190 1886 est
2218 1837 2351 1886 Petri

169 1911 365 1975 Bornii,
410 1911 672 1961 Bedoniae
716 1925 764 1960 et
807 1924 1126 1974 consortum,
1172 1912 1362 1960 domus
1405 1911 1578 1960 Jacobi
1620 1912 1682 1960 de
1726 1911 2000 1974 Mazarina,
2047 1912 2258 1960 Nicolae
2289 1912 2350 1961 de

170 1986 220 2037 S.
253 1986 383 2050 Siro,
426 2002 558 2051 quae
600 1985 693 2035 fuit
732 1986 955 2052 Philippi
998 1985 1378 2049 Maniavachae,
1424 1986 1613 2035 domus
1658 1986 1720 2034 de
1764 1985 2055 2051 Capelletis,
2101 1986 2353 2035 heredum

169 2060 342 2111 Jacobi
384 2060 447 2110 de
489 2061 767 2126 Rodoano,
812 2060 986 2110 Jacobi
1027 2061 1297 2126 quondam
1337 2061 1399 2109 de
1440 2060 1715 2109 Sahoneris
1755 2072 1804 2109 et
1841 2061 2080 2109 Thomae
2121 2061 2352 2124 fratrum,

169 2135 420 2186 Johannis
449 2134 750 2199 Canzelerii,
781 2151 913 2200 quae
955 2135 1050 2184 fuit
1089 2135 1282 2201 Piperis
1324 2135 1595 2200 drapperii,
1636 2135 1898 2184 Laurentii
1939 2135 2001 2183 de
2032 2134 2352 2201 Guillielmo,

172 2226 306 2276 quae
336 2209 431 2258 fuit
459 2210 578 2259 dicti
608 2209 816 2276 Piperis,
845 2210 1017 2258 Enrici
1047 2209 1273 2274 Guercii,
1295 2225 1427 2274 quae
1457 2208 1553 2258 fuit
1582 2209 1841 2258 Marchisii
1862 2210 1923 2258 de
1944 2209 2222 2274 Rodoano,
2242 2209 2353 2273 alia,

174 2300 306 2351 quae
337 2283 432 2333 fuit
452 2283 573 2332 dicti
594 2284 871 2347 Marchisii,
902 2285 990 2333 sed
1020 2300 1161 2333 nunc
1190 2296 1265 2332 est
1292 2284 1582 2332 Benvenuti
1601 2283 1821 2347 Tossici,
1841 2284 2094 2333 heredum
2112 2283 2356 2333 Beltrami

174 2358 339 2408 Pilleti
379 2359 665 2424 quondam,
707 2358 839 2407 filiae
880 2358 1165 2409 Guillielmi
1206 2359 1267 2407 de
1308 2358 1527 2422 pagana,
1568 2358 1741 2407 Jacobi
1782 2359 1844 2407 de
1885 2359 2131 2422 LevantO,
2177 2358 2357 2407 Oberti

176 2432 428 2497 Filatoris,
456 2433 707 2483 Johannis
736 2433 988 2497 Filatoris,
1031 2432 1283 2483 Grimaldi
1310 2432 1579 2481 Bancherii
1615 2432 1669 2481 in
1709 2433 1940 2482 darsana.
2008 2433 2143 2482 Inter
2171 2434 2356 2482 domos

174 2507 356 2557 liberas
395 2520 673 2557 vocantur:
717 2508 924 2570 domus,
966 2524 1098 2573 quae
1134 2507 1344 2556 fuerunt
1371 2507 1621 2556 Johannis
1649 2506 1894 2570 Valantis,
1938 2507 2141 2556 Sibiliae
2171 2508 2356 2572 pigna-

176 2582 345 2646 tariae,
379 2581 666 2644 Ademaris,
686 2582 964 2631 Alexandri
995 2581 1184 2646 militis,
1216 2581 1417 2647 Ugonis
1446 2580 1723 2646 calderarii,
1755 2581 2027 2631 Palmeroti
2059 2581 2206 2647 (quae
2235 2598 2356 2631 vero

177 2658 367 2706 domus
411 2655 686 2705 Palmeroti
728 2658 889 2706 modo
934 2673 1043 2706 11011
1084 2656 1377 2705 habitantur
1417 2667 1626 2721 propter
1665 2655 1874 2719 bellum)
1919 2672 2126 2706 necnon
2168 2657 2359 2706 domus

177 2729 463 2782 Guillielmi
504 2731 695 2794 Grassi,
737 2748 868 2797 quae
911 2731 1004 2780 fuit
1043 2730 1247 2779 Fantini
1276 2731 1545 2795 quondam
1586 2731 1647 2779 de
1689 2730 1738 2779 S.
1769 2731 2067 2794 Laurentio,
2110 2731 2358 2780 Johannis

177 2806 475 2869 Castaneae,
506 2822 639 2871 quae
670 2806 763 2855 fuit
803 2805 1000 2855 Marchi
1029 2805 1223 2870 Olivae,
1267 2803 1505 2853 Isabellae
1535 2805 1596 2853 de
1625 2805 1751 2871 Tyri
1782 2804 1902 2868 (516),
1946 2805 2197 2855 Grimaldi
2232 2822 2358 2854 con-

177 2879 318 2946 tigua
349 2879 529 2930 domui
558 2881 732 2930 Jacobi
761 2881 823 2929 de
866 2880 1138 2929 Mazarina.
1178 2908 1236 2913 —
1271 2878 1582 2928 Castellinus
1623 2880 1686 2928 de
1726 2880 1948 2943 Paxano,
1990 2879 2116 2928 sacri
2156 2880 2358 2946 imperii

178 2954 426 3017 notarius,
456 2954 655 3020 scripsit
685 2954 947 3018 (Archives
978 2955 1041 3003 de
1070 2953 1291 3002 l'Orient
1318 2953 1443 3002 latin
1472 2954 1581 3018 IIB,
1613 2970 1662 3019 p.
1696 2971 2026 3018 215—221,
2058 2955 2157 3004 No.
2193 2971 2249 3015 2,
2294 2954 2356 3003 cf.

179 3029 325 3079 Serra
353 3028 437 3092 IV,
468 3045 517 3094 p.
559 3045 683 3094 1453
729 3029 958 3092 Olivieri,
990 3045 1039 3094 p.
1072 3030 1157 3091 60,
1189 3035 1210 3083 ἓ
1240 3044 1301 3092 4;
1357 3027 1567 3092 Canale,
1610 3028 1774 3078 Storia
1804 3028 1853 3077 di
1884 3028 2116 3092 Genova,
2147 3029 2358 3078 Firenze

188 3104 341 3166 1860,
371 3102 428 3166 ΙΙ,
459 3119 507 3169 p.
543 3119 673 3169 3013
718 3104 872 3170 Heyd
902 3104 935 3165 I,
968 3120 1015 3169 p.
1058 3102 1188 3167 153).
2209 3101 2357 3150 1182

261 3190 410 3240 1249
438 3191 622 3243 Octob.
664 3211 704 3257 1,
746 3193 849 3242 ind.
880 3192 984 3242 VII.
1039 3196 1219 3240 Accon
1260 3191 1312 3239 in
1354 3192 1514 3240 domo
1555 3191 1851 3240 communis
1892 3192 1981 3241 sita
2023 3206 2136 3241 ante
2178 3192 2359 3241 turrim

182 3283 371 3316 novam
399 3267 695 3317 communis
723 3268 930 3317 Januae.
961 3294 1033 3301 —-
1062 3266 1380 3315 Lanfrancus
1406 3266 1703 3328 Tornellus,
1734 3266 1967 3315 Marinus
1996 3268 2285 3315 Bachemus
2314 3280 2359 3315 61

183 3341 474 3407 Stephanus
503 3342 565 3390 de
594 3341 845 3392 Guiberto
887 3341 1228 3391 Guillelmum
1269 3340 1553 3403 Ceriolum,
1594 3340 1889 3389 Antonium
1925 3342 1986 3390 de
2016 3340 2284 3390 Grimaldo
2315 3355 2361 3389 61

184 3414 525 3465 Guillelmum
546 3416 830 3466 Gilvasium
853 3428 1206 3482 procuratores
1226 3432 1348 3463 suos
1367 3415 1706 3478 constituunt,
1727 3415 1815 3479 qui
1846 3415 1905 3463 ΙΙΙ
1933 3414 2091 3464 millia
2111 3428 2157 3463 61
2179 3416 2337 3464 DCCI
2352 3451 2362 3463 .

183 3490 334 3539 libras
361 3490 697 3539 Turonenses
726 3508 752 3538 3
782 3490 1067 3540 (311111611110
1098 3490 1159 3538 de
1190 3489 1416 3555 Sonayo,
1447 3490 1693 3553 magistro
1722 3490 1949 3555 Templi,
1981 3507 2074 3555 pro
2117 3490 2288 3538 debito
2320 3490 2358 3537 X

187 3562 409 3613 millium
428 3563 766 3614 bisantiorum
788 3565 1075 3613 reddendas
1094 3563 1357 3628 accipiant.
1374 3592 1445 3598 —
1463 3565 1640 3613 Bonus
1661 3563 1893 3613 Vasallus
1912 3563 2182 3629 Nepitella.
2214 3564 2257 3612 G
2268 3564 2362 3612 uil—

186 3638 372 3687 lelmus
390 3638 948 3701 TornelluS,Vivaldus
964 3639 1025 3687 de
1049 3637 1295 3702 Boglasco
1313 3638 1602 3704 (Belgrano,
1624 3655 1670 3703 p.
1695 3639 1928 3703 62—63,
1949 3639 2049 3687 No,
2076 3638 2174 3702 2333).
2216 3637 2235 3684 1
2257 3636 2362 3684 183

324 3762 353 3787 ,,
434 3726 556 3775 Dec.
597 3743 673 3790 12,
705 3727 810 3776 ind.
842 3727 945 3776 Vll.
975 3726 1117 3792 Tyri.
1147 3753 1219 3760 —-
1249 3725 1432 3775 Simon
1464 3726 1780 3787 MalocelluS,
1812 3726 1995 3774 consul
2024 3726 2362 3775 Janucnsium

188 3800 241 3849 in
270 3799 414 3866 Syria
441 3815 496 3848 ac
523 3800 828 3863 vicecomeS,
871 3800 1222 3867 possessiones
1263 3814 1547 3863 enumerat,
1578 3816 1705 3865 quas
1747 3800 1960 3849 nomine
1991 3800 2288 3849 communis
2317 3813 2364 3848 61

188 3873 364 3938 Ogerii
385 3873 531 3938 Ricii,
552 3875 883 3924 conconsulis
913 3888 958 3923 et
989 3874 1431 3934 convicecomites,
1453 3876 1514 3923 ad
1535 3874 1728 3924 dictum
1750 3891 2030 3923 commune
2053 3875 2363 3939 pertinentes

189 3948 313 4015 Tyri
343 3947 608 4014 inquisivit
637 3962 683 3999 61
712 3949 923 4013 invenit,
953 3948 1167 3998 scilicet:
1212 3947 1277 4011 (1)
1308 3948 1359 3997 111
1389 3948 1581 3998 civitate
1612 3949 1891 4013 ecclesiam,
1921 3949 2000 3997 cui
2037 3950 2271 3998 cohaeret
2302 3951 2362 3998 ab
