2684 4244
940 178 1072 238 regni
1094 178 1530 239 Hierosolymitani.
2223 204 2247 252 3
2258 203 2286 240 7
2297 203 2321 251 3

150 364 388 501 hmgfixgs
427 364 534 430 ligii
574 364 730 425 (Paoli
760 365 794 429 I,
836 381 884 430 p.
926 366 1247 429 198—-200,
1289 365 1386 413 No.
1431 380 1554 428 1553
1612 364 1674 413 cf.
1713 363 1834 413 Lois
1877 362 1972 428 [ed.
2003 363 2325 486 136118111οᾶὲὲ

150 454 201 505 p.
269 455 301 488 o
362 477 372 488 .

229 532 378 583 1279
409 535 555 585 Febr.
590 552 673 599 24,
712 536 817 585 ind.
849 536 951 585 VII.
995 535 1173 603 Ayacii
1202 535 1254 584 in
1283 535 1445 584 domo
1474 534 1686 598 Ugolini
1717 534 1946 584 censarii.
1976 563 2048 570 —
2077 535 2325 586 Vivaldus

151 609 212 658 de
242 608 462 671 Quinto,
494 610 745 660 habitator
771 611 986 674 Barruti,
1023 622 1328 659 testamento
1357 624 1452 658 suo
1480 608 1614 657 varia
1645 609 1926 674 disponens
1956 609 2242 674 confirmat,
2273 628 2324 660 se

148 683 201 733 in
230 683 499 733 communi
528 685 724 733 ratione
751 684 962 734 Joannis
991 685 1230 734 Sclavoni
1260 685 1322 733 de
1352 683 1585 746 Clavaro,
1617 683 1912 732 habitatoris
1940 685 2130 747 Baruti,
2159 701 2325 749 quan-

148 758 264 807 dam
303 774 561 807 summam
592 759 776 807 habere
819 772 864 808 et
902 760 1091 809 Jacobo
1130 759 1396 823 Zignaigo,
1438 758 1706 806 habitatori
1738 759 1926 821 Baruti,
1957 759 2051 807 XV
2080 758 2325 808 bisantios

147 845 490 882 sarracenatos
509 834 692 882 debere
719 833 981 895 (Archives
1000 834 1062 882 de
1081 833 1303 882 l'Orient
1319 832 1441 881 latin
1461 832 1494 895 I,
1515 848 1563 897 p.
1583 834 1760 896 498—
1776 849 1893 896 5oo,
1913 833 2013 882 No.
2046 851 2058 881 1
2083 833 2138 896 1).
2177 831 2325 880 1426

286 958 315 983 ,,
397 922 542 971 Mart.
578 939 624 984 2,
666 921 772 972 ind.
805 923 906 973 VII.
947 923 1139 988 Ayacii.
1172 951 1239 957 —-
1270 922 1532 971 Johannes
1574 921 1858 970 Sclavonus
1887 922 1950 969 de
1979 921 2157 970 Biruto
2198 937 2323 970 con-

147 993 331 1059 firmat,
361 1012 413 1045 se
442 1013 469 1045 a
495 996 734 1046 Johanne
764 997 825 1045 de
856 997 1070 1062 Rapallo
1110 998 1171 1045 de
1212 996 1435 1045 Risecho
1476 996 1739 1060 quandam
1778 1011 2036 1044 summam
2078 996 2325 1061 pecuniae

147 1070 398 1136 accepisse
428 1069 690 1133 (Archives
720 1072 781 1120 de
810 1070 1031 1120 l'Orient
1059 1071 1182 1120 latin
1212 1071 1245 1134 I,
1277 1087 1325 1136 p.
1363 1087 1478 1135 503,
1507 1071 1608 1119 No.
1649 1070 1743 1132 17).
2175 1068 2323 1117 1427

284 1196 314 1220 ,,
396 1161 543 1209 Mart.
565 1177 645 1223 24,
662 1160 877 1209 ind.VII.
898 1160 1073 1226 Ayacii
1094 1161 1146 1209 in
1165 1160 1299 1224 logia
1318 1159 1674 1208 Januensium.
1695 1186 1766 1193 —
1785 1159 2029 1224 Paponus
2049 1159 2324 1222 Mallonus,

146 1233 445 1283 Bonifacius
489 1234 551 1283 de
590 1234 738 1298 Tiba,
779 1235 995 1284 Enricus
1036 1236 1097 1283 de
1140 1233 1437 1284 Grimaldus
1482 1232 1698 1298 ejusque
1744 1233 1892 1282 frater
1935 1244 1982 1281 et
2025 1245 2326 1298 procurator

147 1308 410 1358 Luchetus
440 1309 753 1374 quibusdam
782 1309 1127 1358 Januensibus
1169 1325 1352 1357 navem
1381 1308 1678 1374 Hospitalis,
1710 1324 1842 1372 quae
1871 1320 2082 1356 vocatur
2110 1307 2325 1356 Sanctus

147 1382 397 1447 Andreas,
437 1384 655 1432 Januam
695 1383 1028 1449 appulsuram
1070 1384 1329 1433 naulizant
1366 1383 1516 1432 titulo
1556 1382 1953 1431 naulizatitionis
1983 1383 2325 1431 concedentes

146 1469 195 1506 et
222 1470 430 1522 pactum
457 1457 590 1506 inter
618 1457 757 1524 ipsos
786 1474 841 1507 ac
870 1458 1197 1508 Bonifacium
1232 1459 1294 1507 de
1324 1458 1748 1522 Calamandrana,
1790 1473 2040 1520 magnum
2083 1473 2324 1522 praecep-

146 1544 311 1580 torem
351 1531 647 1598 Hospitalis,
690 1534 751 1581 de
794 1533 1082 1582 recessione
1124 1533 1284 1582 dictae
1325 1533 1467 1581 navis
1508 1532 1698 1581 factum
1739 1544 1935 1580 cassant
1969 1531 2232 1593 (Archives
2262 1532 2324 1580 de

145 1605 367 1655 l’Orient
392 1605 516 1655 latin
543 1607 577 1670 I,
609 1624 658 1672 p.
695 1624 1000 1672 511-512,
1033 1608 1131 1657 No.
1167 1607 1266 1672 32).
2176 1603 2325 1653 1428

283 1733 314 1759 ,,
393 1695 511 1760 Maj.
565 1714 639 1760 10,
682 1697 788 1747 ind.
832 1698 934 1748 VII.
1005 1697 1191 1747 Birruti
1235 1697 1288 1746 in
1330 1696 1467 1761 logia
1510 1696 1868 1745 Januensium.
1914 1724 1984 1729 —
2028 1695 2217 1744 Pucius
2262 1697 2323 1744 de

147 1771 432 1820 Ponzanno
475 1771 688 1820 Pisanus
729 1785 776 1821 et
814 1773 994 1821 Petrus
1034 1773 1096 1821 de
1136 1774 1376 1836 Bargono
1418 1770 1649 1820 notarius
1689 1770 1742 1818 in
1783 1769 1997 1819 nomine
2039 1770 2249 1835 proprio
2279 1784 2325 1819 et

146 1845 398 1894 Johannis
418 1847 481 1894 de
504 1846 716 1911 Rapallo
747 1860 793 1895 et
824 1847 994 1896 Boche
1032 1847 1217 1911 Pisani,
1249 1845 1521 1910 Nocellini,
1553 1843 1877 1908 confirmant,
1908 1861 1960 1893 se
1988 1844 2123 1893 XLII
2152 1844 2323 1893 bisan-

146 1919 612 1969 tiosSarracinales
641 1938 666 1969 a
696 1920 958 1971 Gabriello
988 1922 1048 1970 de
1079 1922 1295 1986 Rapallo
1322 1921 1383 1969 de
1403 1920 1626 1969 Risecho
1645 1919 1915 1984 accepisse.
1936 1948 2006 1953 —
2027 1919 2323 1968 Grimaldus

148 1994 211 2043 de
239 1994 472 2059 Clavaro,
514 1995 759 2044 Nicolaus
789 1996 851 2044 de
881 1997 1112 2059 Clavaro,
1155 1996 1356 2062 Symon
1386 1996 1447 2044 de
1478 1994 1526 2044 S.
1559 1995 1781 2058 Donato,
1824 1993 2156 2044 Guillielmus
2183 1994 2323 2042 Bixia

147 2068 364 2207 Iquingle3
403 2082 451 2118 et
489 2070 750 2119 Johannes
792 2071 854 2119 de
897 2071 1200 2135 Magdalena
1242 2069 1504 2132 (Archives
1544 2069 1607 2118 de
1639 2068 1860 2118 l’Orient
1887 2068 2012 2117 latin
2041 2068 2075 2132 I,
2119 2070 2323 2190 plzezod

199 2160 247 2193 ο.
324 2161 382 2194 1.

283 2270 313 2296 ‚,
393 2237 527 2297 Aug.
562 2250 608 2298 2,
639 2233 866 2284 ind.VII.
898 2234 1084 2284 Birruti
1114 2234 1166 2283 in
1195 2234 1330 2299 logia
1347 2233 1704 2283 Januensium.
1734 2261 1806 2267 -—
1833 2234 2149 2297 Benvenuta,
2170 2233 2324 2283 vidua

153 2307 351 2356 Vivaldi
381 2308 443 2357 de
474 2307 693 2372 Quinto,
737 2309 1034 2358 habitatoris
1075 2308 1400 2370 Birrutensis,
1442 2325 1494 2357 se
1533 2309 1594 2356 ab
1634 2308 1870 2357 Johanne
1912 2308 1974 2356 de
2015 2308 2231 2373 Rapallo
2261 2309 2322 2356 de

147 2381 388 2445 RisechO,
409 2381 887 2432 fideicommissario
909 2386 1170 2432 bonorum
1190 2384 1307 2432 dicti
1327 2382 1543 2445 Vivaldi,
1565 2383 1626 2431 de
1647 2381 1879 2446 ejusdem
1908 2382 2059 2431 bonis
2089 2399 2143 2430 ac
2172 2384 2324 2431 rebus

147 2456 330 2505 relictis
343 2457 508 2506 XXXI
524 2457 771 2507 bisantios
787 2471 834 2507 et
852 2458 1127 2507 dimidium
1147 2458 1412 2523 accepisse,
1429 2473 1600 2506 coram
1616 2457 1917 2506 Guillielmo
1934 2451 2074 2505 ss'ixia
2094 2457 2324 2523 Spinula,

147 2531 362 2580 consule
389 2532 727 2581 Januensium
760 2533 1155 2596 Birrutensium,
1187 2533 1470 2581 confirmat.
1491 2559 1562 2565 —-
1582 2532 1823 2595 Magister
1849 2532 2121 2594 Jordanus,
2152 2531 2324 2580 theso-

148 2605 309 2655 rerius
349 2605 402 2655 in
441 2605 637 2670 Biruto,
677 2607 896 2657 Jacobus
936 2609 998 2656 de
1039 2607 1302 2672 SigraticO,
1344 2607 1493 2656 Rahu
1532 2607 1593 2654 de
1622 2606 1872 2655 Beltrame
1903 2619 1950 2654 et
1977 2606 2322 2669 Berogninus,

149 2679 429 2819 leaceglrgus
469 2682 765 2731 communis
804 2682 996 2731 Januae
1039 2682 1300 2744 (Archives
1330 2683 1392 2730 de
1427 2680 1646 2729 l’Orient
1682 2681 1804 2729 latin
1835 2681 1869 2744 Ι,
1912 2697 1960 2746 p.
1998 2681 2324 2802 526—12370,

201 2771 248 2804 ο.
320 2771 383 2804 2.

284 2874 315 2899 ,,
394 2840 529 2902 Aug.
555 2855 600 2903 2,
622 2839 837 2890 ind.VII.
869 2838 1030 2888 Biruti
1052 2839 1103 2887 in
1123 2839 1256 2902 logia
1277 2838 1631 2887 Januensium.
1652 2866 1724 2872 ——
1741 2839 1960 2887 Jacobus
1980 2838 2042 2887 de
2064 2837 2324 2903 Sigratico,

148 2928 200 2960 se
229 2912 289 2960 ab
309 2912 542 2962 Johanne
573 2913 634 2962 de
664 2914 879 2979 Rapallo
910 2914 971 2962 de
1003 2914 1242 2975 Riseclio,
1264 2912 1740 2962 fideicommissario
1770 2914 2032 2961 bonorum
2062 2930 2087 2960 a
2108 2913 2323 2962 Vivaldo

150 2986 212 3034 de
243 2985 503 3046 Quintino
532 2988 787 3037 Birutensi
825 2988 1137 3049 relictorum,
1180 2988 1273 3037 XV
1303 2988 1564 3049 bisantiOS,
1596 3004 1728 3052 quos
1759 2988 1923 3036 dictus
1952 2987 2199 3037 Vivaldus
2230 2987 2323 3052 ipsi

150 3060 380 3124 debebat,
410 3077 583 3111 coram
611 3063 928 3125 Benvenuta,
959 3062 1112 3111 vidua
1133 3062 1348 3123 Vivaldi,
1379 3076 1425 3111 et
1454 3062 1756 3111 Guillielmo
1785 3062 1924 3110 Bixia
1945 3062 2176 3127 Spinula‚
2200 3078 2323 3109 con—

150 3134 259 3183 sule
286 3136 626 3186 Januensium
657 3137 1023 3195 Birutensium,
1054 3137 1323 3202 accepisse,
1362 3136 1644 3186 confirmat.
1675 3166 1746 3171 —
1777 3137 2018 3200 Magister
2050 3137 2322 3189 Jordanus,

149 3208 461 3259 thesorerius
490 3210 542 3258 in
572 3211 766 3275 Biruto,
800 3212 949 3260 Rahu
980 3212 1041 3259 de
1071 3210 1322 3260 Beltrame
1341 3212 1732 3275 etsserogninus
1753 3212 2032 3277 placearius
2063 3210 2323 3272 (Areliives

150 3282 212 3331 de
241 3281 463 3332 l'Orient
491 3284 613 3333 latin
643 3286 676 3349 1,
708 3302 754 3351 p.
792 3303 908 3350 527.
942 3287 1040 3334 No.
1074 3286 1175 3350 63).
2177 3283 2315 3331 1431

288 3408 316 3433 ‚‚
397 3371 536 3438 Sept.
590 3392 665 3438 ¹5·
723 3379 916 3423 Accon.
962 3403 1033 3408 ——
1078 3375 1334 3424 Robcrtus
1378 3376 1438 3424 de
1485 3375 1730 3425 Cardolio
1778 3392 1878 3424 una
1922 3392 2040 3423 611111
2089 3374 2323 3422 fratribus

151 3444 431 3510 Hospitalis
471 3459 517 3496 et
557 3449 792 3497 ecclesiae
835 3449 884 3498 S.
916 3450 1151 3497 ’1110111116
1196 3451 1509 3499 Acconensis
1550 3451 1811 3512 Effluardo
1852 3451 1900 3512 1),
1944 3449 2046 3512 regi
2092 3448 2321 3511 Angliac,

151 3518 335 3583 gratias
374 3521 474 3582 agit
503 3522 563 3570 de
594 3523 805 3588 epistola
847 3523 1186 3571 consolatoria
1228 3537 1273 3573 61
1312 3525 1508 3573 auxilio
1546 3525 1799 3589 promisso
1830 3542 1883 3572 ac
1915 3524 2050 3589 petit,
2098 3537 2165 3577 111,
2204 3540 2321 3570 611111

152 3606 279 3641 terra
299 3594 455 3659 Cypri
476 3610 522 3644 et
542 3596 714 3662 Syriae
736 3598 797 3646 de
831 3597 1074 3646 fructibus
1102 3598 1469 3663 temporalibus
1501 3599 1775 3647 infecunda
1799 3598 2128 3664 permanserit
2154 3613 2320 3660 11611116

154 3667 305 3731 igitur
337 3667 543 3718 ecclesia
574 3671 622 3719 S.
653 3672 889 3720 Thomae
920 3672 1007 3720 diu
1042 3673 1236 3737 incepta
1269 3674 1493 3722 fabricari
1526 3674 1763 3739 potuerit,
1799 3687 1848 3721 111
1881 3673 1998 3720 111116
2029 3672 2169 3736 operi
2204 3688 2319 3735 por--

153 3741 278 3807 rigat
330 3758 543 3794 manum
596 3745 893 3810 adjutricem
940 3760 985 3794 61
1030 3746 1328 3808 magistrum
1374 3749 1562 3797 domus
1618 3748 1703 3795 diu
1759 3749 2018 3794 absentem
2077 3745 2318 3796 remittat:

155 3814 637 3887 deniquefflnuntiat,
682 3820 810 3869 inter
849 3820 1089 3868 comitem
1120 3821 1500 3886 'l'ripolitanum
1546 3836 1588 3870 61
1633 3822 1803 3869 francs
1832 3820 2037 3885 'l'cmpli
2083 3836 2319 3882 magnam

153 3905 392 3953 guerram
410 3895 611 3957 versari,
632 3895 761 3943 inter
790 3894 1094 3943 Sarracenos
1125 3907 1313 3944 tantam
1343 3897 1668 3953 discordiam,
1701 3908 1753 3943 111
1786 3895 1921 3961 ipsos
1954 3895 2152 3943 vincere
2187 3893 2319 3941 sacil-

153 3965 338 4017 limum
369 3984 475 4019 esse
505 3968 735 4020 videatur
764 3969 856 4033 (De
888 3971 997 4019 Mas
1027 3969 1207 4034 Latrie,
1239 3970 1368 4021 Hist.
1392 3971 1447 4035 ll,
1480 3988 1525 4039 p.
1554 3974 1617 4020 82
1667 3971 1802 4036 νὴ).
2175 3965 2321 4015 1432
