2684 4244
946 149 1078 207 regni
1099 149 1534 207 Hierosolymitani.
2234 171 2335 217 247

245 333 394 383 1220
423 334 600 398 (¹2¹9)
632 336 779 384 Mart.
797 334 827 396 l)
872 332 1148 381 Damiatae.
1180 361 1249 366 —m
1268 332 1547 397 Iohannes,
1567 349 1653 381 rex
1674 331 2195 398 Hierosolymitanus,
2216 348 2335 381 cum

164 410 515 472 Hermannus,
553 409 792 472 magister
822 408 1032 456 fratrum
1062 407 1531 469 '‘l'lieutonicorum,
1573 406 1666 454 sibi
1706 406 2029 455 medietatem
2073 424 2129 455 ex
2171 407 2335 471 lucro,

165 483 307 548 quod
336 500 395 532 ex
424 483 760 548 acquisitione
801 481 1011 530 civitatis
1046 481 1308 529 Damiatae
1348 493 1620 545 receperat,
1662 480 1957 544 reddiderit,
1999 480 2168 544 sigillo
2211 497 2337 529 con-

165 556 346 621 firmat,
377 557 471 605 hac
500 557 787 606 redditione
817 572 987 620 neque
1006 555 1100 603 sibi
1121 572 1289 619 neque
1310 554 1456 603 dictis
1478 554 1714 604 fratribus
1733 554 1945 619 aliquod
1965 553 2339 620 praejudicium

165 631 375 680 existere
404 648 570 697 posse.
601 658 672 666 ——-
701 630 955 679 Radulfus
982 629 1398 695 Tyberiadensis,
1428 629 1571 692 regni
1602 628 2060 695 Hierosolymitani
2088 630 2339 678 senescal-

165 722 271 769 cus,
316 706 572 768 BalianuS,
627 704 873 754 dominus
918 703 1273 770 Sydoniensis,
1330 703 1449 752 Odo
1491 703 1552 751 de
1596 704 2024 767 MontebeliardO,
2080 703 2342 753 Garnerus

165 780 505 843 Alemannus,
547 779 666 830 Gilo
706 779 769 827 de
808 780 1012 844 Beryto,
1053 778 1335 828 Gaufridus
1376 778 1437 826 de
1479 777 1701 841 Cafram,
1744 777 1982 826 Roardus
2012 778 2074 826 de
2104 778 2342 844 Cayphas

165 853 465 919 (Altpreuss.
490 853 829 904 Monatsschr.
849 853 982 915 XIX,
1014 869 1062 917 p.
1096 854 1218 917 649,
1251 853 1349 901 No.
1385 868 1441 916 3;
1473 850 1716 900 Archives
1746 853 1807 900 de
1836 852 2057 900 I'Orient
2083 851 2207 901 latin
2236 853 2342 916 Ilss,

167 945 214 994 p.
246 929 361 993 166,
383 930 482 978 No.
508 945 563 990 23
595 928 657 977 cf.
688 927 970 993 Ahpreuss
1003 927 1343 976 Monatsschr.
1376 926 1528 990 XVII,
1561 943 1606 992 p.
1633 927 1752 991 382,
1784 927 1883 975 No.
1907 942 1964 988 73
1996 926 2129 991 XIX,
2150 943 2198 992 p.
2222 927 2342 991 638,

165 1003 265 1052 No.
306 1018 393 1064 123
440 1003 648 1052 Forsch.
680 1002 810 1065 XXI,
839 1018 887 1067 p.
918 1018 1043 1065 490,
1075 1002 1173 1050 No.
1211 1001 1272 1066 5).
2229 999 2344 1048 930

292 1087 320 1143 ¹)
356 1090 518 1144 Quum
538 1086 755 1131 Damiata
776 1103 797 1145 5
815 1087 936 1130 Nov.
961 1102 1068 1144 1219
1093 1097 1230 1144 capta
1257 1086 1409 1142 fuerit,
1433 1086 1554 1130 hanc
1579 1095 1760 1130 cartam
1784 1100 1912 1129 anno
1933 1085 2151 1143 sequenti
2170 1085 2346 1129 editam

169 1161 272 1191 esse
296 1148 563 1205 putandum
587 1157 682 1203 est;
725 1146 964 1190 Johannes
989 1161 1103 1190 vero
1128 1146 1257 1191 initio
1284 1145 1393 1190 anni
1425 1161 1547 1203 1220,
1571 1144 1790 1189 Damiata
1815 1144 1992 1199 relicta,
2028 1145 2193 1189 Accon
2229 1160 2341 1203 pro-

165 1205 319 1250 fectus
343 1217 443 1251 erat
466 1206 683 1262 (Testim.
708 1205 818 1249 min.
843 1206 1076 1263 XXXVII,
1101 1216 1200 1250 not.
1223 1207 1284 1263 4).

305 1331 334 1355 ‚‚
415 1294 562 1342 Mart.
591 1321 663 1327 —-
690 1294 909 1343 Jacobus
937 1293 1201 1359 Teupulo,
1244 1306 1464 1360 potestas
1494 1291 1833 1356 R(omaniae),
1866 1290 2133 1340 Alatinum
2162 1291 2345 1340 Caico—

167 1367 303 1433 padi,
322 1367 352 1430 l)
381 1366 656 1417 soldanum
677 1367 914 1431 Turciae,
947 1385 1036 1433 per
1063 1369 1288 1431 legatum
1318 1384 1472 1417 suum
1504 1366 1660 1416 amira
1689 1365 2028 1432 spatacarium
2051 1366 2086 1428 2)
2117 1382 2345 1431 sampsa⁴

166 1440 399 1505 tinum,3)
444 1441 733 1491 amiralium
776 1441 901 1491 iliasi
923 1442 960 1505 4)
1001 1442 1327 1508 privilegium
1371 1442 1465 1491 sibi
1510 1441 1708 1489 misisse
1753 1440 2040 1503 confirmat,
2087 1457 2194 1505 quo
2238 1439 2345 1506 ipse

173 1516 381 1565 Venetis
409 1517 472 1565 ad
501 1516 540 1565 ΙΙ
569 1532 734 1565 annos
762 1533 958 1582 pacem,
999 1517 1220 1566 liberum
1259 1516 1629 1566 commercium
1659 1527 1837 1564 tenore
1868 1513 2163 1580 chrysoboli
2192 1514 2345 1580 patris

168 1606 223 1639 ac
253 1590 415 1639 fratris
444 1607 748 1640 concessum
776 1608 832 1640 ac
860 1592 1182 1641 securitatem
1211 1591 1420 1658 plenam
1450 1590 1687 1654 munivit,
1719 1602 1765 1638 et
1793 1589 1987 1638 dictum
2019 1588 2345 1655 privilegium

167 1664 335 1727 sigillo
363 1682 460 1715 suo
490 1666 786 1715 corroborat
815 1666 1248 1727 (Tafel-Thomas
1278 1667 1330 1730 ll,
1362 1684 1409 1732 p.
1435 1682 1741 1729 221—-225,
1773 1665 1872 1713 No.
1899 1665 2028 1728 2583
2061 1663 2121 1713 cf.
2152 1681 2201 1729 p.
2230 1680 2344 1728 143,

167 1739 267 1788 No.
302 1755 432 1804 2313
475 1740 672 1789 Chron.
703 1740 949 1804 Danduli,
979 1758 1025 1806 p.
1059 1758 1153 1805 341
1181 1755 1190 1800 ;
1223 1741 1390 1790 Marin
1420 1740 1503 1804 IV,
1534 1757 1582 1806 p.
1615 1756 1728 1804 192,
1753 1754 2068 1803 249——2503
2100 1738 2347 1787 Archives

170 1812 218 1862 d.
249 1813 387 1862 miss.
418 1813 631 1863 scientif.
664 1814 698 1877 Ι,
729 1814 854 1879 Se'r.,
886 1815 941 1879 ΙΙ,
972 1832 1020 1881 p.
1056 1829 1187 1880 3423
1224 1816 1374 1882 Heyd
1404 1815 1438 1879 I,
1468 1831 1516 1880 p.
1553 1813 1689 1880 302).
2230 1811 2339 1860 931

293 1899 323 1954 ¹)
357 1897 443 1941 Ala
467 1897 644 1942 ad-din
667 1898 934 1944 Kaikobad.
1180 1901 1212 1956 2)
1247 1899 1523 1944 ammiratus
1560 1898 1694 1956 sipah
1716 1896 1836 1942 3111111
1859 1895 2145 1952 (<<οΧ01011113
2170 1897 2346 1952 dux»)?

169 1961 206 2012 ³)
240 1957 439 2017 Schems
465 1957 671 2002 ad-din?
854 1962 891 2015 4)
926 1959 1062 2004 Emir
1085 1959 1299 2018 al-ghfizs
1318 1965 1334 2003 ⁴?

304 2082 334 2107 ‚,
415 2046 577 2112 April.
612 2063 693 2097 2o.
737 2051 915 2098 Accon
956 2048 1009 2098 in
1049 2048 1258 2098 ecclesia
1299 2048 1348 2098 S.
1381 2048 1511 2098 Petri
1551 2046 1876 2096 pisanorum.
1919 2073 1990 2078 -
2030 2045 2243 2094 Parente
2284 2045 2346 2094 de

168 2119 459 2171 Vallecchia
500 2121 767 2186 quondam
810 2123 1021 2186 Alberti,
1064 2122 1153 2188 qui
1193 2142 1219 2172 a
1249 2123 1400 2172 Salvo
1441 2123 1503 2172 de
1543 2121 1670 2170 Pisis
1711 2120 1982 2185 quondam
2022 2120 2347 2168 Benencasae

168 2194 355 2244 XXXII
382 2194 629 2244 bisantios
658 2213 751 2262 pro
779 2198 943 2263 pretio
973 2198 1181 2248 XXVIII
1208 2198 1455 2247 librarum
1485 2209 1531 2246 et
1558 2195 1675 2245 XVI
1710 2196 1973 2244 bonorum
2014 2194 2347 2243 denariorum

168 2268 476 2318 Pisanorum
503 2286 764 2320 novorum
791 2285 1063 2338 receperat,
1085 2272 1371 2338 pollicetur,
1392 2289 1444 2321 se
1463 2271 1776 2333 soluturum,
1795 2268 1835 2318 si
1855 2269 1916 2318 de
1936 2268 2140 2318 servitio
2158 2268 2348 2317 Terrae

169 2343 382 2392 Sanctae
421 2344 641 2409 redierit,
684 2347 828 2410 quod
867 2347 907 2395 si
948 2364 1057 2396 non
1097 2346 1383 2412 contigerit,
1425 2345 1788 2395 Aldebrandus
1829 2344 1890 2393 de
1924 2343 2050 2392 Pisis
2080 2344 2348 2408 quondam

170 2416 383 2483 Ugolini
425 2418 643 2484 Sighieri
685 2433 733 2469 et
774 2420 1051 2471 Albizellus
1081 2423 1350 2487 quondam
1379 2418 1750 2483 Guintavallae,
1781 2436 1833 2467 se
1862 2418 2049 2467 dictam
2089 2433 2349 2466 summam

170 2492 461 2541 reddituros
501 2510 625 2558 esse,
666 2494 975 2545 confirmant
1015 2512 1188 2545 coram
1227 2496 1486 2545 Bottaccio
1521 2495 1787 2561 quondam
1819 2492 2045 2541 Rainerii
2074 2492 2348 2555 Bamboni,

170 2566 404 2616 Attolino
434 2567 496 2617 de
525 2568 731 2635 Capcia,
764 2570 1035 2620 Manfredo
1066 2571 1127 2619 de
1158 2572 1533 2635 Montemagno
1563 2582 1609 2619 et
1636 2571 1852 2618 Benetto
1883 2567 2072 2617 Mortii.
2091 2595 2161 2600 —
2186 2567 2349 2615 Belle-

172 2641 358 2706 bonUS,
395 2641 619 2693 Romani
650 2643 850 2710 imperii
879 2646 1124 2709 notarius,
1155 2645 1351 2711 scripsit
1380 2644 1672 2709 (Florentia,
1703 2644 1915 2693 Certosa
1944 2642 1994 2691 di
2024 2641 2170 2703 calci;
2213 2641 2352 2690 dedit

172 2715 363 2765 Comes
392 2715 579 2780 Riant).
2235 2714 2351 2762 932

310 2843 340 2867 ,‚
419 2804 539 2870 Maj.
575 2824 656 2873 30,
698 2808 804 2858 ind.
838 2810 960 2859 VIII.
1004 2813 1198 2859 Accon.
1228 2837 1300 2843 -
1329 2808 1469 2872 Otto,
1512 2824 1686 2857 comes
1719 2807 1781 2856 de
1811 2806 2195 2869 Hennemberc,
2226 2822 2350 2854 con-

172 2895 327 2928 sensu
367 2880 606 2930 Beatricis
646 2883 819 2932 uxoris
849 2897 896 2933 et
924 2883 1013 2933 filii
1054 2883 1258 2932 Ottonis
1299 2883 1482 2933 domui
1509 2882 1966 2932 Theutonicorum
2007 2896 2096 2946 per
2135 2896 2350 2929 manum

173 2953 461 3003 Hermanni
503 2956 731 3021 magistri
775 2970 933 3007 totam
977 2958 1311 3007 hereditatem
1362 2957 1574 3021 suam,1)
1620 2973 1777 3022 quam
1823 2954 2050 3021 possedit
2094 2954 2146 3003 in
2190 2970 2351 3018 regno

174 3027 667 3095 Hierosolymitano,
697 3031 786 3082 VII
815 3033 1042 3082 millibus
1073 3048 1359 3082 marcarum
1388 3032 1581 3096 argenti
1611 3044 1659 3080 et
1688 3031 1726 3079 ΙΙ
1756 3029 1984 3079 millibus
2013 3029 2352 3078 bisantiorum

175 3102 349 3151 vendit
376 3115 424 3152 et
451 3103 620 3169 sigillo
650 3106 936 3171 confirmat,
967 3108 1180 3172 insuper
1207 3105 1438 3170 ejusdem
1469 3108 1659 3156 domus
1679 3105 1854 3154 fratres
1883 3104 1943 3152 III
1975 3104 2131 3152 millia
2150 3115 2198 3152 et
2217 3103 2353 3152 CCI.

176 3175 437 3242 bisantIOS,
458 3193 592 3243 quos
611 3179 733 3229 Otto
753 3181 1036 3231 Guillelmo
1067 3182 1128 3230 de
1161 3181 1418 3230 Mandelia
1440 3182 1475 3244 2)
1506 3181 1738 3245 debebat,
1760 3194 1966 3228 necnon
1986 3178 2091 3242 regi
2110 3178 2351 3240 Johanni,

177 3249 324 3299 cuius
352 3250 407 3300 in
435 3254 719 3317 praesentia
749 3256 848 3304 hoc
876 3268 1045 3304 actum
1077 3268 1163 3318 est,
1206 3256 1251 3304 D
1281 3272 1474 3304 marcas
1503 3254 1698 3319 argenti
1740 3253 1966 3302 solvisse.
1997 3280 2069 3287 ——
2099 3251 2353 3300 Radulfus

178 3323 240 3372 de
267 3324 573 3390 Tyberiade,
614 3329 935 3379 senescalcus
975 3330 1117 3393 regni
1159 3329 1634 3396 Hierosolymitani,
1663 3328 1952 3377 Wernerus
1981 3327 2043 3375 de
2071 3325 2351 3389 Egisheim,

178 3410 427 3461 cognatus
455 3398 566 3464 ejus
594 3402 864 3469 Haymo,3)
895 3404 1208 3454 Guillelmus
1236 3404 1298 3453 de
1328 3406 1530 3471 BerytO,
1559 3403 1835 3452 Rohardus
1862 3402 1923 3450 de
1943 3402 2155 3467 Cuyplia
2186 3416 2353 3448 came-

305 3531 337 3584 1)
371 3531 604 3590 Strehlke,
640 3548 682 3591 p.
717 3546 818 3578 122:
853 3534 1223 3589 (hereditatem),
1249 3550 1421 3592 «quam
1446 3532 1558 3578 emit
1584 3534 1675 3577 dux
1702 3531 2020 3593 Leopoldus»,
2054 3529 2226 3573 scilicet
2261 3530 2352 3572 dux

181 3588 398 3634 Austriae
421 3591 640 3645 (Testim.
668 3593 793 3651 min.,
828 3609 870 3651 p.
905 3594 1007 3652 1893
1043 3594 1099 3637 cs.
1126 3594 1301 3637 bullam
1327 3592 1545 3650 Gregorii
1570 3594 1627 3636 IX
1655 3593 1779 3650 apud
1805 3590 2040 3645 Strehlke,
2075 3604 2117 3646 p.
2145 3591 2263 3648 511-
2286 3604 2356 3646 57,

180 3648 270 3691 ΝΟ·
294 3662 376 3706 723
419 3651 648 3709 l³Otthast,
684 3654 773 3696 No.
799 3653 941 3711 85873
991 3652 1229 3709 11011110111,
1262 3653 1403 3697 Beitr.
1430 3654 1460 3709 I,
1496 3668 1538 3710 p.
1561 3668 1633 3709 40,
1655 3666 1711 3708 47
1748 3661 1792 3694 et
1827 3650 2028 3694 Studien
2053 3666 2089 3692 s..
2116 3648 2283 3692 (iesch.
2311 3650 2353 3691 d.

179 3706 369 3752 fttnften
393 3711 709 3769 Kreuzzuges,
748 3713 1009 3756 Innsbruck
1043 3716 1164 3772 1891,
1188 3727 1230 3770 p.
1255 3714 1345 3769 84).
1562 3718 1597 3766 2)
1631 3710 1864 3764 8110111110,
1888 3725 1930 3767 p.
1955 3721 2036 3767 43:
2080 3707 2353 3751 «(11ιί101010

182 3767 240 3811 de
264 3767 529 3827 Amigdala,
553 3771 632 3829 qui
656 3787 876 3816 sororem
902 3771 1053 3815 dictae
1080 3771 1301 3816 Beturicis
1328 3806 1335 3814 .
1363 3806 1371 3815 .
1397 3806 1404 3814 .
1432 3771 1595 3815 habuit
1619 3770 1662 3814 in
1689 3785 1931 3814 uxorem».
2123 3770 2159 3821 ³³)
2196 3766 2353 3810 :Ximes

181 3827 307 3884 apud
328 3827 531 3886 Eracles,
549 3845 591 3888 p.
614 3832 712 3891 380,
737 3846 888 3888 nepos
909 3831 1120 3875 (Jarnerii
1140 3831 1404 3887 Alemanni,
1428 3832 1471 3874 in
1497 3829 1705 3888 plurimis
1731 3828 1901 3872 chartis
1928 3838 2235 3877 memoratus,
2254 3826 2351 3870 sine

182 3885 328 3929 dubio
364 3886 490 3931 idem
525 3900 668 3947 atque
703 3891 845 3935 Aimo
883 3892 939 3935 de
976 3890 1194 3935 Ostehim
1229 3894 1306 3946 (20
1331 3890 1471 3949 April.
1507 3891 1647 3945 1228).
1707 3888 1943 3946 {sinsheim
1981 3898 2023 3930 et
2050 3886 2267 3930 Ostlieim
2306 3885 2348 3929 in

182 3945 357 3989 Alsatia
381 3960 532 4007 prope
558 3950 917 3995 Colun'ibariam
941 3950 1056 3995 sitae
1080 3960 1201 3995 sunt.
