2684 4244
941 118 1070 175 regni
1094 116 1527 176 Hierosolymitani.
2217 141 2228 173 1
2255 143 2265 172 1
2292 135 2303 173 1

144 317 232 367 per
260 313 537 350 torrentem
569 301 816 366 videlicet,
848 302 935 366 qui
967 301 1018 350 in
1060 302 1226 350 hieme
1268 301 1394 361 fluit,
1437 318 1714 367 quousque
1756 302 1958 350 venitur
1997 303 2057 350 ad
2100 319 2313 367 parvum

143 387 373 424 montem
415 375 543 423 inter
583 376 832 441 praedicta
875 389 1119 424 montana
1151 389 1197 424 et
1227 389 1471 424 montana
1500 377 1560 424 de
1590 376 1837 440 Broiquet
1865 376 2037 439 situm,
2080 390 2127 425 et
2154 378 2224 426 sic
2253 379 2313 425 ab

140 449 254 497 alvo
281 449 520 497 torrentis
550 466 724 498 versus
752 466 965 516 parvum
995 463 1228 498 montem
1256 451 1610 516 supradictum
1640 463 1687 498 et
1714 466 1804 515 per
1832 451 2148 515 crepidinem
2178 450 2315 499 illius

145 522 283 588 parvi
314 523 522 581 montis,
567 536 620 572 ut
650 540 824 572 cruces
853 523 1139 589 designant,
1172 524 1305 572 vadit
1344 524 1632 590 supradicta
1662 524 1845 572 divisio
1876 541 2041 589 usque
2071 525 2132 573 ad
2163 541 2314 573 mon-

140 596 374 659 ticulum,
405 597 494 661 qui
533 598 678 646 calcis
709 598 886 648 fornax
915 598 1214 663 appellatur,
1245 611 1291 646 et·
1320 599 1502 647 exinde
1533 614 1709 646 versus
1749 598 2017 647 meridiem
2058 615 2223 664 usque
2254 600 2315 647 ad

140 669 300 719 alium
329 670 677 720 monticulum
707 688 814 720 non
843 671 998 737 longe
1029 672 1166 734 hinc,
1210 671 1297 721 ubi
1333 673 1576 737 antiquus
1606 671 1752 721 calcis
1783 672 1961 721 fornax
1991 673 2101 731 fuit,
2133 674 2316 722 divisio

141 744 230 793 ista
274 745 599 809 protenditur
649 759 697 795 et
735 746 805 795 sic
844 762 934 812 per
973 747 1227 795 devexum
1267 747 1456 795 montis
1496 760 1626 795 recta
1665 745 1799 795 linea
1828 764 2002 796 versus
2032 748 2232 812 spinam
2264 748 2316 795 in

141 817 347 884 planitie
377 819 540 881 sitam,
562 836 694 884 quae
722 833 906 869 terram
935 819 1110 869 casalis
1141 820 1190 869 S.
1213 820 1482 886 Sepulchri
1512 821 1680 869 Faisse
1711 834 1757 869 et
1786 821 2015 869 Sabarim
2034 821 2316 887 Hospitalis

142 892 333 955 dividit,
367 893 685 943 terminatur.
730 895 946 960 Insuper
986 895 1309 958 divisionem,
1339 911 1496 960 quam
1536 895 1770 943 canonici
1811 895 1860 944 S.
1892 895 2162 961 Sepulchri
2197 912 2316 945 cum

141 966 369 1030 Georgio
397 966 612 1033 ejusque
642 967 748 1016 filio
776 968 1034 1018 Balduino
1073 969 1315 1031 fecerunt,
1356 970 1593 1018 concedit
1632 985 1838 1018 necnon
1878 970 2081 1018 donum
2121 970 2197 1018 avi
2236 971 2315 1019 sui

142 1041 401 1090 Eustachii
430 1054 478 1090 et
507 1042 658 1108 patris
686 1042 766 1091 sui
795 1042 1003 1092 Galterii
1045 1055 1092 1091 et
1130 1042 1351 1092 liberum
1392 1043 1763 1092 commercium
1803 1043 1856 1091 in
1896 1056 1999 1092 tota
2039 1061 2131 1093 sua
2170 1058 2314 1093 terra.

141 1116 280 1164 Haec
309 1116 484 1164 onmia
503 1117 688 1166 CCCC
707 1117 935 1165 bisantiis
964 1117 1187 1183 acceptis,
1210 1134 1266 1166 ea
1295 1118 1592 1167 conditione
1622 1116 1790 1181 sigillo
1820 1117 2106 1181 confirmat,
2139 1130 2194 1167 ut
2222 1119 2315 1166 sibi

140 1189 314 1255 ipsum
347 1189 545 1238 fontem
586 1191 648 1239 de
687 1191 903 1256 antiquo
944 1192 1205 1240 conductu
1246 1192 1307 1240 ad
1350 1191 1510 1240 casale
1549 1191 1871 1241 Bubalorum
1911 1193 1972 1240 ad
2013 1193 2317 1241 canamellas

142 1263 398 1313 faciendas
428 1265 683 1313 deducere
711 1265 856 1314 liceat
885 1266 950 1313 ita
978 1279 1163 1328 tamen,
1205 1279 1258 1314 ut
1287 1267 1349 1315 de
1380 1282 1483 1315 una
1512 1282 1710 1315 macera
1742 1265 1960 1330 singulis
1990 1267 2137 1315 annis
2166 1267 2316 1315 dimi-

141 1338 287 1387 dium
306 1338 533 1403 quintale
563 1352 623 1402 et,
652 1339 692 1387 si
720 1340 956 1405 amplius,
977 1340 1223 1406 praefatae
1253 1340 1492 1388 ecclesiae
1520 1340 1780 1405 integrum
1799 1341 2027 1405 quintale
2048 1340 2315 1406 persolvat.

141 1440 214 1446 —
240 1413 530 1474 Rainerius,
562 1413 837 1479 episcopus
867 1413 1198 1477 SebastensiS,
1217 1414 1471 1463 Radulfus
1491 1414 1824 1480 praeposituS,
1843 1415 2120 1479 Johannes,
2142 1429 2319 1464 cantor

141 1487 498 1551 Caesariensis,
518 1487 716 1553 Symon
739 1488 1036 1551 canonicus,
1055 1488 1307 1537 Arnulfus
1335 1490 1590 1554 subprior,
1613 1490 1789 1538 Petrus
1809 1490 2149 1553 Lombardus,
2171 1490 2319 1539 frater

141 1562 325 1618 Adam,
354 1562 502 1610 frater
531 1562 722 1625 Vitalis,
754 1563 930 1612 Petrus
960 1564 1022 1612 de
1052 1563 1391 1626 Mahumeria,
1421 1564 1599 1613 Petrus
1627 1564 1782 1613 Costa
1811 1564 2110 1628 vicecomes,
2144 1565 2318 1628 fingil—

141 1636 313 1684 bertus
342 1636 403 1684 de
433 1635 567 1698 Aria,
595 1637 813 1686 Carolus
844 1637 1165 1699 Hamelinus,
1194 1638 1488 1687 Rodbertus
1517 1639 1579 1687 de
1609 1638 1799 1701 Cassia,
1820 1639 2091 1703 GeorgiuS,
2110 1639 2319 1688 ssaldui—

143 1726 257 1773 nus,
279 1708 415 1758 filius
434 1708 542 1772 ejus
562 1710 808 1774 (Roziere,
829 1727 876 1776 p.
902 1713 1206 1774 276—278,
1226 1713 1325 1761 No.
1354 1728 1478 1776 1553
1510 1712 1631 1761 Lois
1653 1711 1748 1777 [ed.
1768 1711 2023 1777 Beugnot]
2056 1714 2108 1777 ll,
2127 1731 2175 1779 p.
2202 1730 2319 1778 527,

142 1784 240 1833 No.
271 1799 370 1849 43;
416 1784 607 1848 Migne,
637 1801 685 1850 p.
727 1786 1101 1850 1238—1239,
1133 1787 1232 1834 No,
1274 1803 1387 1850 155·
1446 1787 1501 1835 ln
1539 1787 1773 1852 linguam
1801 1788 2148 1851 germanicam
2175 1789 2319 1837 vertit

141 1871 189 1907 et
216 1857 351 1907 notis
379 1857 648 1907 illustravit
676 1859 738 1909 G.
771 1859 946 1908 Rosen
982 1860 1035 1908 in
1069 1860 1434 1909 Wochenblatt
1462 1862 1552 1910 der
1578 1862 1880 1911 Johanniter
1899 1890 1925 1897 -
1945 1861 2319 1929 Ordensballey

142 1932 516 1997 Brandenburg
552 1934 703 1998 1863,
734 1950 783 1999 p.
824 1951 1123 1999 109—111,
1154 1935 1253 1983 No,
1295 1935 1388 1998 18).
2204 1935 2319 1984 425

222 2012 387 2075 1166,
418 2014 524 2064 ind.
545 2015 668 2065 XIll.
697 2043 771 2049 —
798 2016 973 2082 Hugo,
1003 2017 1250 2065 dominus
1270 2018 1562 2080 Caesareae,
1590 2034 1850 2067 consensu
1880 2019 2052 2067 uxoris
2082 2019 2317 2068 Isabellae

142 2088 323 2138 domui
353 2089 634 2155 Hospitalis
677 2106 767 2155 per
805 2106 1018 2140 manum
1066 2091 1275 2154 Giberti,
1319 2091 1502 2157 prioris
1547 2092 1827 2158 Hospitalis
1869 2093 2112 2158 magistri,
2159 2094 2317 2143 casale

144 2163 403 2212 Hadedun
429 2163 460 2226 ¹)
490 2179 608 2213 cum
639 2165 974 2229 pertinentiis,
1016 2165 1053 2213 ΙΙ
1082 2165 1310 2214 millibus
1339 2165 1678 2216 bisantiorum
1707 2168 1938 2234 acceptis,
1972 2168 2145 2231 donat,
2175 2170 2317 2233 quod

146 2237 410 2287 «videlicet
436 2255 463 2286 a
491 2238 702 2302 regione
732 2239 1012 2288 occidentis
1041 2240 1235 2288 habens
1265 2241 1429 2289 dunas
1460 2240 1487 2302 (.
1511 2241 1739 2291 ‚civitate
1760 2257 1879 2291 vero
1909 2242 2086 2306 casale)
2117 2243 2317 2291 domini

140 2312 382 2376 Hugonis
411 2313 666 2376 Feustelli,
695 2330 721 2362 a
749 2315 1112 2379 septentrione,
1142 2315 1273 2363 sicut
1299 2314 1531 2364 fiumaria
1560 2317 1901 2381 protenditur,
1933 2333 2024 2382 per
2051 2318 2318 2382 quoddam

141 2386 363 2435 berchile
403 2400 548 2436 vetus
587 2387 891 2437 terminatur
931 2389 980 2438 S.
1013 2388 1278 2437 Michaelis
1319 2388 1526 2452 (etalio)
1557 2390 1704 2439 casali
1743 2390 1976 2454 (domini)
2006 2392 2317 2456 Engelberti,

140 2461 201 2509 ab
230 2461 425 2510 oriente
454 2478 545 2528 per
573 2463 838 2527 quoddam
870 2462 1091 2512 berchile
1121 2463 1423 2513 terminatur
1451 2481 1571 2513 cum
1614 2465 1763 2514 casali
1791 2466 2000 2532 Templi
2030 2466 2262 2530 Domini,
2293 2485 2319 2515 a

141 2534 352 2584 meridie
393 2552 484 2601 per
522 2536 796 2600 torone(m)
839 2537 1006 2586 Bufali
1046 2537 1348 2587 terminatur
1387 2537 1524 2600 (cum
1564 2540 1712 2588 casali
1754 2540 1955 2589 domini
1984 2541 2227 2590 Amalrici
2256 2542 2317 2604 et)

141 2625 261 2659 cum
290 2609 534 2676 Seraphie
564 2624 692 2660 terra
720 2611 1091 2677 archiepiscopi
1122 2629 1286 2677 usque
1317 2613 1379 2661 ad
1409 2628 1660 2676 magnum
1688 2615 1911 2664 lacum».
1949 2615 2165 2681 Insuper
2182 2616 2320 2664 addit

140 2684 333 2747 curtile,
365 2685 508 2749 quod
539 2684 632 2734 fuit
660 2684 786 2733 olim
817 2686 982 2736 Urrici
1011 2686 1249 2735 Tendille
1271 2687 1306 2748 2)
1337 2700 1384 2735 et
1411 2686 1629 2736 salinam
1657 2689 1808 2738 turris
1838 2688 1888 2751 (P)
1930 2689 2159 2739 Gervasii
2200 2706 2319 2739 cum

142 2758 274 2823 petia
302 2771 477 2822 terrae,
508 2759 559 2808 in
589 2776 691 2825 qua
720 2759 791 2808 sal
832 2760 1057 2826 plenarie
1098 2774 1262 2825 potest
1302 2760 1408 2810 fieri
1450 2776 1496 2811 et
1536 2763 1726 2812 domus
1768 2763 2047 2825 aedificari3
2092 2764 2318 2829 denique

143 2833 318 2882 Petrus
361 2833 540 2882 Perrez
584 2833 800 2899 ejusque
845 2851 975 2883 uxor
1020 2834 1177 2883 Maria
1221 2848 1268 2884 et
1306 2836 1450 2885 liberi
1496 2837 1730 2901 Paganus
1775 2851 1822 2887 et
1853 2837 2095 2887 Mathalia
2124 2839 2316 2888 dictum

140 2907 299 2956 casale
329 2923 423 2973 pro
451 2907 640 2973 assisia,
662 2925 819 2974 quam
839 2909 999 2974 Hugo
1029 2910 1091 2958 de
1115 2910 1361 2959 Caesarea
1390 2911 1611 2974 dederat,
1641 2929 1759 2961 cum
1792 2913 1936 2962 omni
1966 2911 2075 2976 jure
2105 2929 2202 2963 suo
2232 2915 2318 2962 ab·

140 2981 452 3031 renuntiant.
484 2982 695 3032 Factum
718 2984 977 3032 Amalrico
1008 2984 1022 3031 1
1053 3000 1168 3047 rege
1199 2996 1246 3032 et
1264 2984 1524 3034 Amalrico
1554 2986 1849 3051 patriarcha.
1870 3015 1943 3021 -—
1962 2988 2140 3037 Petrus
2159 2989 2317 3049 Costi,

139 3055 423 3105 vicecomes
453 3057 758 3118 Caesareae;
803 3058 1031 3106 domini:
1079 3059 1336 3107 Robertus
1366 3060 1427 3108 de
1458 3060 1601 3123 Cozi,
1642 3061 1898 3127 Bertinus,
1942 3062 2214 3111 Rainerius
2256 3064 2318 3111 de

140 3128 372 3194 Galenie,
393 3131 591 3195 Carlus,
621 3132 876 3196 Roge1·ius
906 3132 1115 3195 Gualez,
1144 3132 1416 3197 Ernaldus,
1448 3134 1585 3183 lilius
1614 3136 1755 3199 Heri,
1787 3137 1965 3185 Petrus
1994 3137 2055 3185 de
2087 3137 2316 3189 FossatO.

139 3203 423 3254 vicecomes
453 3206 514 3255 de
546 3206 830 3270 Calenzun,
862 3207 1097 3270 Paganus
1117 3207 1178 3255 de
1199 3207 1483 3272 Calenzun,
1505 3209 1782 3260 Gervasius
1801 3211 2095 3273 Caesareae,
2118 3212 2317 3259 Rohar-

139 3278 236 3328 dus
265 3279 448 3343 Rufus,
479 3280 655 3329 Petrus
684 3281 746 3329 de
777 3280 826 3330 S.
848 3280 1407 3344 GermanO,Johannes
1426 3284 1568 3332 Costi
1588 3284 1849 3346 (Delaville
1868 3286 1913 3334 le
1934 3286 2121 3346 Roulx,
2144 3302 2190 3351 p.
2223 3303 2313 3334 102

137 3370 335 3418 —-103,
364 3354 464 3403 No,
499 3370 562 3403 22
597 3353 675 3419 [cf.
707 3372 755 3421 p.
798 3353 902 3418 17];
948 3356 1112 3418 Prutz,
1142 3372 1190 3421 p.
1232 3373 1530 3419 toi—102,
1566 3359 1665 3409 No.
1700 3359 1800 3423 22).
2202 3358 2317 3406 426

255 3429 307 3474 In
330 3439 492 3488 tergo:
535 3433 567 3486 ¹)
591 3431 813 3487 Abedun,
940 3435 975 3486 ί2)
1002 3431 1169 3475 Ulricci
1193 3433 1411 3477 Tentule.

274 3545 306 3571 „
386 3510 532 3558 Mart.
561 3507 870 3575 14—1179.
902 3510 1153 3559 Laterani.
1186 3540 1251 3544 ——
1274 3512 1564 3562 Alexander
1593 3514 1649 3562 ΙΙΙ
1682 3514 1948 3577 N(icolao),
1970 3514 2124 3581 priori
2156 3515 2204 3564 S.
2228 3515 2315 3563 Se-

138 3582 358 3648 pulchri,
388 3582 603 3649 ejusque
634 3584 869 3633 fratribus
899 3584 1163 3633 ecclesiam
1194 3584 1244 3634 S.
1276 3586 1441 3650 Egidii
1472 3589 1722 3650 concedit,
1754 3606 1884 3653 quae
1916 3590 2111 3638 Romae
2143 3604 2316 3655 portae

138 3660 338 3706 Aureae
367 3670 414 3706 et
442 3658 681 3708 ecclesiae
712 3658 761 3707 S.
783 3658 913 3707 Petri
942 3657 1146 3722 adjacet,
1176 3675 1294 3708 cum
1326 3660 1588 3727 hospitalis
1609 3663 1769 3711 domo
1800 3663 2043 3727 contigua
2063 3664 2315 3727 (Roziere,

140 3746 187 3796 p.
222 3747 527 3797 272—273,
559 3733 657 3782 No,
700 3749 818 3797 ¹503
862 3732 1336 3795 Jass'e-mwenfeld,
1370 3736 1467 3785 No.
1510 3754 1564 3802 ¹3
1596 3737 1726 3802 184).
2202 3735 2313 3784 427

220 3817 364 3867 1167
395 3820 522 3883 Jan.,
555 3821 656 3870 ind.
688 3821 702 3869 1
734 3820 875 3884 (XV),
905 3835 1061 3886 epact.
1085 3822 1396 3872 XXV111.—
1420 3826 1857 3884 Boamunduslll,
1883 3826 2117 3891 princeps
2134 3826 2315 3875 Antio—

138 3893 350 3958 chenuS,
395 3895 648 3960 Hospitali
690 3912 779 3961 per
820 3912 1003 3945 manus
1044 3896 1266 3946 Cirberti
1310 3898 1549 3963 magistri,
1596 3900 1762 3964 sigillo
1803 3902 1958 3949 donat
2002 3915 2046 3949 et
2082 3902 2315 3950 concedit
