2684 4244
951 143 1082 202 regni
1104 143 1538 204 Hierosolymitani.
2231 165 2293 214 32
2306 165 2328 213 5

159 346 290 396 quae
330 329 437 396 ipse
477 329 706 396 possidet
734 328 786 378 in
815 328 1009 377 civitate
1040 331 1216 377 Accon
1255 327 1442 376 scilicet
1471 327 1523 376 in
1551 328 1682 390 loco,
1714 327 1803 392 qui
1845 326 2031 376 dicitur
2064 328 2332 389 rabattum,

159 406 317 454 donat
345 416 392 453 et
419 403 704 454 confirmat.
772 403 867 452 His
900 415 1069 452 autem
1101 401 1513 468 possessionibus
1542 403 1818 451 cohaerent
1845 419 1871 450 a
1902 401 2113 450 meridie
2144 402 2334 450 domus

159 479 209 529 S.
253 479 602 543 Margarethae
646 478 992 539 Graecorum,
1038 476 1288 526 Johannis
1332 475 1523 524 scribae
1569 488 1615 524 et
1658 476 1848 525 domus
1903 475 2070 524 Belfar
2123 476 2332 539 scribae,

159 569 380 618 quarum
420 552 587 602 Belfar
624 568 771 602 suam
800 552 861 600 ad
890 566 1105 600 censum
1134 552 1195 599 ab
1225 550 1411 600 eodem
1442 550 1696 615 Hospitali
1725 562 1880 614 tenet,
1923 551 1983 598 ab
2013 549 2209 599 oriente
2238 550 2333 612 via,

159 643 290 692 quae
319 626 503 676 dicitur
542 627 604 676 de
645 626 799 675 furno
838 642 929 675 seu
971 626 1196 688 rabbato,
1238 625 1426 674 domus
1467 624 1703 687 Mercori,
1745 624 1835 689 qui
1875 623 2050 672 vendit
2090 623 2243 687 fabaS,
2289 636 2336 672 et

159 702 347 752 domus
384 701 614 764 Joannis,
655 700 743 749 filii
783 699 969 763 Amici,
1010 717 1037 748 a
1066 701 1220 748 borea
1250 699 1440 747 domus
1467 698 1737 747 Theodori
1773 698 1968 761 Graeci,
2008 698 2104 761 via,
2147 699 2335 746 domus

157 775 407 825 Johannis
435 775 730 838 Alemanni,
770 773 1019 824 Johannis
1048 774 1254 837 Barbae,
1297 776 1462 839 Aysae
1504 771 1915 835 chiamellatoris,
1959 771 2148 821 Mariae
2190 773 2335 838 May—

157 862 342 914 gottae,
363 849 709 912 Constantini,
730 849 890 898 fratris
920 847 1247 912 MangiantiS,
1276 846 1527 896 Johannis
1553 846 1796 910 Barberii,
1827 846 2077 896 Johannis
2107 846 2258 895 Rahu
2288 857 2337 894 et

158 925 366 988 domus,
397 940 528 989 quae
558 923 652 973 fuit
691 923 955 972 Michaelis
984 923 1045 971 de
1076 923 1330 985 Cantone,
1361 937 1520 986 quam
1560 936 1702 970 nunc
1741 933 1880 970 tenet
1919 920 2131 969 domina
2170 921 2336 969 Bene-

158 1012 362 1062 venuta,
394 1000 455 1047 ab
485 998 749 1047 occidente
778 1014 963 1062 magna
990 996 1068 1045 via
1097 996 1317 1063 publica.
1376 995 1574 1044 Fratres
1602 1011 1725 1043 vero
1754 994 2035 1060 Hospitalis
2069 994 2337 1043 annuatim

157 1072 354 1123 solvere
382 1085 649 1122 tenentur:
681 1071 772 1121 uni
799 1071 1063 1134 sacerdoti,
1095 1071 1185 1136 qui
1214 1070 1433 1120 celebret
1460 1069 1513 1118 in
1542 1069 1750 1118 ecclesia
1779 1069 1829 1119 S.
1861 1069 2060 1118 Nicolai
2089 1069 2152 1117 de
2181 1069 2330 1117 cime-

157 1146 286 1197 terio
304 1147 615 1211 Acconensi,
645 1146 735 1196 XL
753 1146 1015 1209 bisantios,
1046 1145 1259 1194 totidem
1288 1143 1386 1207 alii,
1408 1144 1498 1209 qui
1527 1144 1744 1193 celebret
1773 1142 1826 1192 in
1855 1144 2045 1209 capella
2075 1143 2124 1192 S.
2148 1143 2338 1192 Mariae

158 1222 347 1271 scilicet
375 1221 614 1271 ecclesiae
644 1220 693 1271 S.
712 1220 908 1284 CruciS,
941 1233 987 1270 et
1015 1220 1055 1268 si
1083 1222 1205 1268 urbs
1225 1217 1698 1285 Hierosolymitana
1717 1231 1917 1284 recepta
1938 1217 2103 1281 fuerit,
2124 1218 2338 1267 totidem

158 1296 255 1359 alii,
274 1295 364 1361 qui
384 1294 600 1345 celebret
628 1295 681 1344 in
711 1294 919 1344 ecclesia
948 1295 997 1344 S.
1019 1294 1290 1360 Sepulchri
1319 1294 1380 1342 ad
1410 1293 1562 1342 altare
1582 1293 1632 1342 S.
1653 1292 1801 1356 Petri,
1823 1293 2035 1358 insuper
2052 1293 2149 1341 XX
2167 1291 2337 1340 bisan-

158 1370 256 1421 tios
296 1386 390 1436 pro
430 1369 776 1419 anniversario
817 1369 1005 1418 scilicet
1044 1369 1090 1418 X
1119 1368 1311 1418 clericis
1354 1367 1594 1417 ecclesiae
1635 1367 1684 1416 S.
1716 1367 1898 1417 Crucis
1926 1366 2262 1430 AcconensiS,
2295 1366 2339 1415 V

157 1444 351 1494 clericis
391 1444 629 1494 ecclesiae
671 1444 720 1494 S.
764 1443 1036 1510 Sepulchri
1076 1456 1122 1492 et
1161 1443 1375 1492 totidem
1420 1442 1613 1491 clericis
1654 1442 1892 1491 ecclesiae
1938 1441 1988 1491 S.
2030 1440 2231 1490 Nicolai
2276 1441 2338 1489 de

158 1518 438 1582 cimeteriO,
470 1518 657 1568 deinde
688 1519 781 1568 DC
810 1518 1055 1568 bisantios
1091 1517 1332 1567 dominae
1373 1517 1568 1566 Isabelli
1610 1517 1672 1565 de
1701 1516 1955 1579 Adelone,
1986 1516 2160 1581 quoad
2188 1516 2336 1564 vivat.

156 1621 230 1629 —
272 1594 491 1643 Jacobus
535 1592 711 1644 Vitalis
766 1592 927 1658 miles,
973 1592 1310 1656 GuarneriuS,
1357 1591 1646 1655 Raineriu8,
1691 1589 1816 1656 juris
1864 1589 2073 1656 peritus,
2120 1590 2336 1656 Symon,

158 1667 453 1734 capellanus
493 1667 863 1733 archiepiscopi
904 1665 1275 1728 Caesariensis3
1332 1666 1395 1715 de
1441 1666 1677 1715 fratribus
1722 1664 2032 1731 Hospitalis:
2080 1664 2339 1713 Henricus

157 1741 535 1808 hospitalarius,
565 1742 828 1791 Johannes
858 1742 919 1791 de
951 1742 1189 1805 Malienc,
1222 1742 1398 1790 Petrus
1427 1741 1603 1804 BegaS,
1634 1739 1830 1789 Vitalis.
1887 1739 2112 1789 Aliottus
2141 1738 2339 1802 Uguic-

158 1816 341 1880 cionis,
372 1815 525 1881 judex
554 1828 602 1866 et
631 1816 860 1866 notarius
888 1816 1144 1882 publicus,
1173 1815 1388 1881 scripsit,
1428 1814 1731 1877 Joscelinus,
1762 1814 2182 1880 archiepiscopus
2210 1814 2339 1862 Cae—

149 1890 411 1954 ‘sariensiS,
440 1891 667 1955 sigillum
708 1891 948 1957 apposuit
988 1889 1144 1953 (Paoli
1174 1890 1207 1954 I,
1239 1906 1287 1954 p.
1323 1906 1630 1954 222—224,
1661 1890 1761 1938 No.
1803 1890 1927 1950 1813
1984 1888 2044 1937 cf.
2076 1905 2125 1954 p.
2163 1904 2339 1952 541—-

164 1981 293 2031 5423
336 1965 458 2015 Lois
489 1963 585 2030 [ed.
615 1963 868 2030 Beugnot]
902 1965 935 2029 I,
965 1982 1014 2031 p.
1048 1965 1179 2026 6073
1212 1964 1269 2028 II,
1299 1981 1347 2030 p.
1389 1965 1487 2028 164
1516 1963 1661 2026 not.).
2189 1960 2338 2009 1234

240 2053 389 2103 1255
418 2053 539 2119 Maj.
580 2072 656 2120 14.
711 2054 931 2121 Tripoli.
963 2084 1033 2089 ——
1062 2054 1421 2117 B(oemundus
1461 2054 1562 2118 VI),
1609 2053 1846 2119 princeps
1889 2052 2250 2102 Antiochenus
2294 2064 2341 2100 et

159 2146 334 2180 comes
361 2129 733 2196 TripolitanUS,
765 2129 992 2178 Henrico
1022 2129 1100 2193 III,
1130 2129 1237 2195 regi
1265 2128 1502 2194 Angliae,
1540 2126 1765 2194 exponit,
1795 2127 2144 2177 Turcimanos
2171 2138 2340 2176 totum

161 2204 505 2271 principatum
536 2203 887 2253 crudelissime
915 2203 1184 2253 vastavisse
1214 2216 1276 2267 et,
1319 2215 1375 2252 ut
1413 2202 1664 2252 auxilium
1702 2202 1843 2266 ferat,
1885 2214 2116 2268 precatus
2155 2201 2340 2250 latores

162 2278 406 2345 epistolae
425 2279 731 2328 Conradum
750 2279 812 2328 de
831 2279 976 2328 Duce
1007 2278 1222 2327 militem
1251 2289 1298 2326 et
1327 2277 1686 2327 Gwarennum
1706 2278 2060 2343 presbyterum
2090 2292 2146 2325 ac
2174 2275 2340 2341 capel—

162 2353 341 2403 lanum
383 2369 538 2403 suum
583 2354 916 2403 commendat
959 2352 1163 2416 (Annal.
1207 2353 1268 2401 de
1309 2353 1526 2416 Burton,
1568 2369 1617 2418 p.
1663 2352 2000 2416 369——3713
2073 2351 2266 2417 Rymer
2306 2350 2339 2414 I,

163 2445 212 2494 p.
236 2428 373 2493 321).
402 2422 417 2496 ΙΙ
444 2428 554 2477 Rex
572 2428 789 2494 Angliae
815 2428 1102 2493 «rescripsit
1131 2428 1339 2489 eisdem,
1368 2439 1423 2476 ut
1450 2426 1733 2490 videbatur,
1764 2426 1916 2475 telam
1935 2425 2145 2474 vitream
2174 2424 2341 2473 verbis

163 2501 523 2552 verisimilibus
562 2503 904 2567 contexendo,
946 2503 1218 2569 perplexus
1259 2500 1399 2550 enim
1439 2501 1568 2550 circa
1612 2501 1816 2565 negotia
1855 2499 2002 2565 regni
2043 2498 2250 2550 Ciliciae
2295 2511 2343 2548 et

163 2576 383 2643 Apuliae
412 2577 474 2626 ad
502 2577 603 2627 hoc
630 2577 747 2626 totis
776 2577 974 2627 nisibus
1004 2577 1313 2640 intendebat,
1346 2588 1400 2625 ut
1428 2575 1562 2625 filius
1591 2592 1717 2624 suus
1734 2575 2074 2624 Edmundus.
2099 2614 2109 2623 .
2133 2614 2142 2623 .
2167 2613 2174 2621 .
2208 2572 2343 2637 ejus-

165 2652 283 2701 dem
326 2651 470 2718 regni
516 2651 811 2701 dominium
854 2652 1175 2717 adquireret»
1222 2650 1426 2713 (Annal.
1459 2650 1521 2699 de
1555 2650 1771 2714 Burton,
1814 2666 1862 2716 p.
1898 2666 2028 2713 3713
2086 2649 2279 2715 Rymer
2307 2648 2342 2710 I,

165 2742 214 2792 p.
248 2742 379 2791 3213
424 2725 484 2775 cf.
516 2725 783 2791 Rohricht,
815 2726 965 2776 Beitr.
996 2726 1052 2790 II,
1083 2742 1131 2791 p.
1167 2725 1304 2790 284).
2195 2721 2343 2769 1235

302 2853 332 2878 ,‚
410 2815 528 2864 Jun.
558 2819 753 2864 Accon.
773 2814 1094 2879 ——Egidius,
1125 2813 1541 2879 archiepiscopus
1558 2812 1824 2878 Tyrensis,
1854 2811 2024 2876 sigillo
2055 2811 2343 2876 confirmat,

166 2889 430 2939 Thomam
448 2889 758 2939 Cordarium
787 2905 960 2938 coram
980 2888 1269 2939 Guillermo
1298 2888 1359 2936 de
1394 2888 1738 2951 Castronovo,
1770 2886 2052 2953 Hospitalis
2084 2886 2343 2950 magistrO,

166 2963 261 3013 sibi
290 2964 525 3028 domum,
557 2980 715 3029 quam
745 2982 771 3012 3
800 2964 961 3013 domo
990 2962 1272 3029 Hospitalis
1301 2963 1396 3011 sub
1425 2961 1635 3010 annuali
1666 2978 1823 3011 censu
1852 2961 1892 3010 II
1922 2961 2262 3010 bisantiorum
2293 2961 2345 3009 in

166 3038 280 3087 vico
324 3038 615 3104 Anglorum
662 3038 955 3087 Acconensi
996 3037 1142 3086 sitam
1193 3038 1412 3100 tenebat,
1455 3036 1641 3086 CCCC
1681 3036 1908 3085 bisantiis
1951 3035 2242 3085 vendidisse
2283 3036 2345 3083 ad

168 3111 418 3178 hospitale
458 3112 837 3162 aedificandum
867 3126 913 3162 et
941 3113 1233 3161 Johannem
1262 3110 1555 3159 Brisebacin
1584 3109 1735 3159 aliam
1764 3110 1954 3159 ibidem
1994 3109 2158 3174 sitam,
2190 3126 2345 3175 quam

168 3188 371 3236 tenebat
398 3188 459 3236 ab
488 3186 760 3253 Hospitali,
799 3203 1020 3252 quarum
1063 3186 1321 3235 domuum
1362 3184 1582 3234 invicem
1624 3184 2020 3248 conjunctarum
2061 3184 2189 3233 fines
2229 3197 2347 3233 sunt

169 3262 231 3310 ab
260 3260 455 3310 oriente
493 3261 572 3310 via
612 3260 924 3325 communis,
971 3262 1031 3309 ab
1073 3260 1336 3309 occidente
1377 3275 1542 3320 mare,
1589 3277 1615 3308 a
1644 3260 1856 3308 meridie
1901 3260 2052 3308 altera
2096 3258 2346 3321 contingit

170 3335 390 3384 domum
410 3335 665 3385 Paumerii
685 3335 929 3402 defuncti,
959 3353 984 3383 a
1013 3333 1363 3400 septentrione
1383 3333 1524 3400 prior
1542 3334 1763 3383 domum
1782 3333 2065 3400 Hospitalis
2085 3333 2348 3395 (Archives

170 3410 233 3459 de
261 3408 482 3458 l'Orient
508 3410 631 3459 latin
661 3410 694 3474 I,
725 3427 773 3477 p.
804 3410 1115 3475 425—426,
1146 3409 1244 3458 No,
1287 3426 1299 3457 1
1325 3425 1336 3468 3
1380 3408 1538 3474 Paoli,
1569 3408 1761 3458 Codice
1793 3408 1826 3471 I,
1858 3425 1906 3474 p.
1932 3409 2051 3471 261,
2083 3409 2181 3456 No.
2218 3423 2345 3464 220;

172 3483 233 3533 cf.
264 3499 313 3549 p.
350 3485 480 3548 5483
524 3484 776 3533 Rohricht
804 3485 857 3534 in
885 3484 1078 3534 ZDPV.
1112 3484 1172 3546 X,
1204 3499 1252 3548 p.
1295 3484 1381 3543 18;
1425 3483 1676 3547 Aegidius
1704 3495 1852 3531 antea
1884 3483 2046 3532 fuerat
2074 3481 2349 3547 episcopus

173 3556 528 3621 Damiatinus).
2202 3554 2348 3602 1236

308 3675 339 3700 „
419 3638 550 3704 (post
566 3640 684 3689 Jun.
711 3640 967 3706 3o—)Jul.
1004 3657 1049 3699 2,
1082 3638 1186 3687 ind.
1208 3638 1331 3687 XllI.
1376 3639 1430 3688 In
1459 3638 1584 3688 locis
1614 3638 1959 3704 infrascriptis.
1992 3667 2061 3671 ——
2090 3638 2351 3687 Jocelmus

174 3713 237 3762 de
254 3712 487 3777 Tornell,
508 3713 659 3763 frater
676 3715 866 3763 domus
885 3712 1184 3779 Hospitalis,
1216 3712 1501 3776 confirmat,
1532 3730 1583 3762 se
1615 3713 1829 3761 nomine
1860 3711 2092 3775 ejusdem
2125 3711 2348 3775 magistri

175 3803 292 3836 cum
335 3786 529 3836 Aliotto
568 3788 924 3853 Uguiccionis,
968 3786 1134 3851 judice
1164 3799 1210 3836 et
1240 3787 1441 3836 notario
1472 3786 1698 3853 publico,
1740 3799 1786 3835 et
1818 3786 2053 3836 fratribus
2083 3786 2259 3835 Garsia
2288 3786 2349 3834 de

177 3860 423 3927 Rospide,
468 3861 746 3926 Ferrando,
792 3861 1076 3922 Gonsalvo,
1122 3860 1466 3921 FolkerannO,
1512 3861 1815 3917 Bertrando,
1862 3861 2089 3924 Rogerio
2147 3876 2351 3908 necnon

177 3935 483 4000 GirardinO,
528 3937 676 3986 Petro
717 3938 779 3996 de
820 3937 1039 4001 Gitona,
1083 3935 1332 3985 Michaele
1373 3950 1418 3985 et
1460 3936 1720 3985 Matthaeo
1762 3936 2046 4001 turcopulis
2088 3935 2229 3983 XXX
2270 3934 2350 3983 die
