2684 4244
944 150 1076 210 regni
1098 149 1534 211 Hierosolymitani.
2228 175 2322 225 241

161 342 340 407 regalis
359 343 563 406 domos,
584 345 755 394 vineas
785 357 830 394 et
859 344 1056 407 oliveta,
1088 344 1139 393 in
1169 344 1362 392 civitate
1383 344 1702 393 Hierusalem
1732 345 1980 411 hospitale
2010 358 2056 394 et
2085 346 2332 395 obedien-

160 416 282 465 tiam
322 417 372 467 S.
405 419 616 485 MoysiS,
659 420 844 468 domos
873 431 920 468 et
950 419 1178 483 furnum,
1216 418 1370 467 Jaffae
1410 419 1595 467 domos
1625 431 1673 467 et
1700 431 1870 484 terras,
1912 419 1965 468 in
2000 421 2124 468 urbe
2153 425 2332 469 Accon

160 490 505 541 obedientiam
546 493 595 543 S.
627 494 913 553 Katerinae,
956 493 1190 542 Damasci
1231 492 1493 541 ecclesiam
1538 493 1586 541 S.
1619 493 1844 558 Georgii,
1884 494 2069 543 domos
2110 507 2158 542 et
2197 507 2332 543 extra

160 565 411 614 civitatem
440 568 531 615 tria
559 567 790 632 virgulta,
832 568 1111 616 Laodiceae
1152 567 1400 632 hospitale
1442 567 1490 615 S.
1524 567 1769 616 Demetrii
1799 582 1846 617 et
1874 569 1963 617 tria
2005 568 2182 617 casalia
2213 585 2330 618 cum

159 638 358 688 villanis
387 654 433 689 et
464 642 796 706 pertinentiis,
829 642 1131 691 Antiochiae
1162 643 1348 691 domos
1377 653 1424 689 et
1453 641 1665 690 furnum
1696 642 1846 704 (Pitra
1876 643 1909 707 Ι,
1940 659 1988 708 p.
2026 645 2330 708 562ffl563,

160 714 260 763 No.
294 730 351 774 7;
408 716 649 765 Pressutti
679 717 713 779 I,
745 718 842 766 No.
877 733 1007 780 709;
1055 717 1115 766 cf.
1147 717 1272 782 Rey,
1316 715 1651 779 Recherches,
1694 733 1742 782 p.
1784 734 1928 765 12—-
1955 735 2030 782 13,
2071 720 2329 782 15—163

159 788 410 837 Rohricht
430 789 481 838 in
500 791 694 841 ZDPV.
713 792 776 854 X,
798 808 846 857 p.
872 791 1194 856 237‘238).
1223 803 1236 859 1,
1266 790 1380 838 Hoc
1398 789 1725 855 privilegium
1745 791 2015 841 Honorius
2036 791 2096 839 ΙΙΙ
2117 792 2202 854 (20
2221 793 2330 841 Jan.

169 862 319 926 1225)
349 864 619 914 confirmat
647 865 793 928 (Pitra
824 866 857 930 Ι,
888 882 936 931 p.
974 867 1275 930 589—590,
1305 865 1404 913 No.
1440 864 1539 929 35).
2218 864 2331 913 897

238 962 385 1012 1217
417 969 551 1030 Aug.
583 996 652 1000 —
680 967 957 1031 Johannes,
1000 985 1084 1017 rex
1113 967 1633 1034 Hierosolymitanus,
1670 967 1851 1017 domui
1879 968 2331 1018 Theutonicorum

158 1040 451 1089 Acconensi
479 1041 763 1105 confirmat,
784 1058 915 1107 quae
935 1042 1215 1092 Garnerius
1235 1041 1557 1091 Alemannus
1577 1042 1730 1106 dedit,
1760 1042 1950 1090 scilicet
1973 1054 2171 1107 terram,
2201 1060 2331 1108 quae

158 1113 285 1163 olim
305 1113 399 1163 fuit
416 1115 603 1164 Juliani
625 1117 686 1164 de
707 1116 931 1166 Faloisse
962 1129 1010 1166 et
1038 1134 1214 1166 versus
1243 1117 1499 1166 sinistram
1527 1117 1678 1165 habet
1696 1116 1847 1179 viam,
1868 1133 2044 1165 versus
2063 1117 2330 1166 meridiem

157 1188 361 1252 collem,
404 1205 611 1239 necnon
650 1191 876 1255 hortum,
906 1192 995 1256 qui
1031 1192 1267 1240 cohaeret
1295 1190 1421 1239 areis
1452 1192 1511 1239 de
1541 1190 1718 1240 Tarsia
1747 1208 1806 1240 ex
1834 1203 1944 1240 toto
1972 1207 2149 1240 versus
2179 1193 2333 1241 meri—

158 1262 312 1326 diem,
343 1276 390 1312 et
418 1263 471 1312 in
500 1265 685 1313 eodem
714 1265 866 1315 horto
903 1278 976 1315 est
1015 1266 1235 1329 angulus
1276 1279 1434 1314 terrae
1475 1266 1700 1314 desertae
1730 1278 1778 1314 et
1804 1282 1982 1315 versus
2011 1266 2331 1315 occidentem

158 1338 412 1401 quaedam
442 1354 620 1388 morus
649 1352 696 1388 et
723 1356 936 1405 campus
964 1340 1288 1404 Migramme,
1310 1339 1546 1405 superius
1567 1340 1787 1389 frustum
1806 1353 1981 1404 terrae,
2003 1357 2134 1405 quae
2155 1340 2334 1389 dividit

156 1424 340 1460 terram
382 1412 571 1462 domus
612 1413 898 1480 Sepulchri,
941 1428 988 1463 et
1026 1432 1202 1464 versus
1242 1414 1445 1479 collem,
1488 1414 1576 1479 qui
1607 1427 1681 1463 est
1709 1432 1767 1463 ex
1798 1427 1934 1480 parte
1975 1415 2225 1479 orientali,
2261 1429 2332 1464 est

158 1486 428 1535 modicum
456 1500 615 1536 terrae
645 1501 693 1537 et
721 1489 975 1554 quaedam
1004 1502 1177 1554 vouta,
1216 1488 1361 1554 cujus
1390 1489 1634 1538 medietas
1664 1490 1861 1552 cecidit,
1891 1502 1938 1538 et
1966 1489 2018 1537 in
2048 1506 2149 1554 qua
2178 1503 2331 1539 vouta

157 1573 230 1609 est
258 1560 472 1610 cisterna
501 1574 548 1611 et
577 1563 790 1627 quidam
824 1563 1145 1629 vrequinnus
1184 1564 1245 1613 ad
1286 1580 1516 1613 racemos
1557 1563 1911 1613 decalcandos.
1941 1592 2012 1597 ——
2057 1564 2329 1628 Radulfus,

157 1635 301 1698 regni
330 1636 667 1700 senescalcus,
697 1637 916 1687 Jacobus
947 1638 1299 1702 marescalcus,
1320 1638 1476 1687 Oddo
1506 1639 1568 1687 de
1600 1638 2029 1702 MontebeliardO,
2051 1638 2332 1688 Gaufridus

156 1709 218 1758 de
247 1709 454 1759 Caffran
484 1711 748 1776 (Strehlke,
779 1728 828 1778 p.
858 1730 946 1778 41,
982 1714 1080 1762 No.
1111 1730 1210 1778 493
1255 1713 1315 1762 cf.
1345 1730 1395 1779 p.
1437 1713 1568 1777 125).
2217 1712 2332 1761 898

291 1844 322 1870 ‚‚
402 1811 537 1874 Aug.
570 1837 639 1842 —-—
665 1809 943 1874 Johannes,
985 1826 1071 1858 rex
1107 1810 1625 1876 Hierosolymitanus,
1665 1809 1848 1859 domui
1876 1810 2329 1860 Theutonicorum

156 1882 449 1931 Acconensi
478 1884 636 1932 donat
664 1897 710 1932 et
738 1882 906 1948 sigillo
936 1884 1205 1933 confirmat
1238 1886 1572 1933 barbacanam
1615 1901 1762 1933 suam
1791 1884 1921 1933 inter
1951 1885 1990 1933 ΙΙ
2020 1885 2180 1934 dictae
2210 1885 2331 1934 civi—

155 1956 265 2018 tatis
305 1973 484 2006 muros
524 1957 670 2006 sitam
707 1957 895 2007 scilicet
922 1976 947 2006 a
976 1975 1129 2008 muro
1159 1975 1319 2025 prope
1349 1960 1566 2008 domum
1597 1958 1888 2023 senescalci,
1921 1976 2051 2024 quae
2082 1961 2242 2009 tendit
2272 1977 2330 2008 ex

155 2031 369 2081 adverso
413 2044 461 2080 et
500 2032 680 2081 dividit
722 2034 1058 2082 barbacanam
1103 2033 1377 2083 senescalci
1416 2036 1477 2082 ab
1519 2034 1694 2083 eadem
1742 2035 2022 2082 barbacana
2063 2051 2228 2099 usque
2269 2035 2329 2083 ad

156 2117 356 2172 portam
386 2106 623 2156 Gaufridi
651 2107 814 2156 Torti.
852 2137 911 2143 -
943 2108 1123 2157 Testes
1154 2122 1208 2157 ut
1235 2125 1387 2175 supra
1416 2109 1517 2158 No,
1551 2110 1672 2172 898,
1707 2109 1794 2157 sed
1835 2109 2026 2158 accedit
2056 2109 2331 2158 Rohardus

156 2181 219 2229 de
249 2181 487 2247 Cayphas
516 2180 782 2247 (Strehlke,
813 2198 861 2248 p.
893 2199 980 2247 41,
1011 2183 1110 2234 No.
1144 2199 1235 2247 503
1273 2183 1333 2232 cf.
1365 2199 1413 2249 p.
1455 2183 1586 2248 124).
2216 2182 2331 2231 899

291 2315 322 2340 ‚,
403 2278 538 2344 Sept.
582 2278 852 2328 Nimoscii.
882 2307 953 2313 —
990 2280 1148 2344 Hugo
1179 2280 1213 2345 Ι,
1255 2297 1341 2329 rex
1369 2279 1545 2346 Cypri,
1587 2279 1822 2329 fratribus
1861 2280 2204 2329 Theutonicis
2245 2297 2334 2346 per

156 2368 373 2402 manum
390 2353 643 2402 Armanni
671 2353 896 2417 magistri
925 2354 1251 2419 privilegium
1281 2355 1341 2403 ab
1371 2354 1683 2420 Haymerico
1712 2354 1728 2402 I
1758 2366 1897 2420 patre
1917 2355 2187 2420 quondam
2216 2371 2332 2418 rege

157 2443 461 2477 concessum
493 2439 541 2477 et
569 2427 883 2493 quibusdam
912 2428 1121 2477 decimis
1151 2429 1213 2478 de
1242 2428 1392 2477 casali
1422 2428 1673 2493 Sesquara
1703 2429 1988 2494 (Lefquara)
2026 2429 2334 2495 recipiendis

157 2514 367 2551 auctum
410 2502 580 2568 sigillo
624 2502 910 2552 confirmat.
955 2531 1028 2537 ——
1070 2503 1330 2552 Johannes
1376 2504 1437 2552 de
1482 2503 1767 2569 Hybelino,
1812 2504 2060 2552 dominus
2103 2504 2332 2567 Beritthi,

158 2575 427 2642 Philippus
468 2577 530 2625 de
570 2577 850 2643 Hybelino,
893 2577 1041 2626 frater
1079 2577 1204 2642 ejus,
1244 2577 1481 2628 Galterus
1522 2579 1584 2626 de
1625 2578 1888 2642 Caesarea,
1932 2578 2334 2627 connestabulus

158 2650 334 2717 Cypri,
376 2651 611 2701 Galterus
641 2652 702 2700 de
731 2652 932 2716 Bersan,
972 2652 1310 2702 Gormondus
1339 2653 1402 2701 de
1430 2653 1632 2716 Betsan,
1674 2653 1851 2702 Petrus
1881 2653 2076 2718 Chape,
2116 2653 2335 2702 Jacobus

160 2726 222 2774 de
240 2725 404 2775 Rivet.
433 2726 623 2775 Datum
643 2743 732 2792 per
748 2742 965 2776 manum
984 2726 1208 2792 Radulfi,
1229 2727 1512 2776 cancellarii
1532 2727 1664 2791 regis
1683 2739 1731 2775 et
1749 2727 2095 2776 archidiaconi
2115 2728 2334 2776 Nichosn

159 2798 337 2848 siensis
366 2799 510 2866 (Rey,
540 2817 588 2866 p.
623 2802 866 2866 25—26;
898 2802 1183 2867 Altpreuss.
1216 2802 1555 2851 Monatsschr.
1585 2802 1718 2866 XIX,
1750 2819 1798 2868 p.
1822 2803 2131 2867 648—649,
2152 2803 2251 2852 No.
2278 2819 2333 2859 22

160 2874 222 2923 cf.
253 2891 302 2940 p.
335 2875 458 2940 638,
490 2876 587 2924 No.
626 2876 719 2939 11).
2222 2876 2337 2924 900

298 3010 327 3034 ‚‚
406 2972 588 3021 Octob.
618 2985 820 3022 exeunt.
863 2976 1042 3022 Accon
1084 2972 1137 3022 in
1176 2972 1399 3022 tentorio
1442 2965 1696 3036 Andreae,
1738 2972 1870 3036 regis
1910 2973 2223 3038 Hungariae.
2266 3002 2337 3007 ——

161 3046 319 3096 Curia
336 3046 603 3112 generalis,
634 3046 687 3096 in
707 3064 808 3112 qua
828 3048 889 3096 de
909 3047 1043 3096 bello
1064 3047 1325 3096 Saracenis
1344 3047 1615 3096 inferendo
1635 3048 2037 3096 consuluerunt:
2070 3049 2337 3110 Radulsus,

163 3120 443 3186 patriarcha
461 3121 985 3188 Hierosolymitanus,
1007 3122 1205 3185 Simon,
1226 3122 1489 3188 Tyrensis,
1510 3123 1668 3182 Peter,
1689 3121 2047 3185 CaesariensiS,
2067 3123 2338 3185 Robertus,

164 3196 477 3260 Nazarenus,
531 3196 854 3260 Eustorgius,
910 3196 1242 3257 Nicosiensis,
1287 3196 1673 3262 archiepiscopi,
1718 3197 1955 3259 Jacobus,
2003 3197 2336 3253 Acconensis,

164 3270 358 3333 Petrus,
387 3269 719 3335 Jaurinensis,
739 3271 990 3333 Thomas,
1022 3270 1301 3334 Agriensis,
1323 3270 1463 3334 OttO,
1495 3270 1930 3330 Monasteriensis,
1962 3271 2336 3334 Flagellum-dus,

164 3342 452 3408 Citicensis,
494 3343 634 3408 OttO,
669 3344 1026 3409 Trajectensis,
1069 3346 1341 3409 Robertus,
1382 3344 1692 3409 BajocensiS,
1734 3345 1979 3411 episcopi,
2022 3346 2247 3395 Carinus
2278 3347 2338 3393 de

167 3418 344 3466 Monte
387 3431 553 3482 acuto,
608 3419 903 3486 HospitaliS,
960 3418 1270 3468 Guillelmus
1314 3420 1662 3483 Carnotensis,
1707 3420 1931 3485 Templi,
1988 3420 2336 3475 Hermannus,

166 3491 216 3541 S.
250 3490 437 3541 Mariae
480 3493 952 3556 Theutonicorum,
1000 3493 1241 3557 magistri,
1287 3496 1535 3559 Andreas,
1583 3494 1897 3558 Hungariae,
1946 3495 2119 3556 l-lugo,
2162 3493 2337 3559 Cypri,

165 3566 442 3629 Johannes,
484 3567 1003 3634 Hierosolymitanus,
1045 3585 1203 3631 reges,
1246 3570 1586 3618 Boemundus
1615 3570 1697 3632 IV,
1741 3569 1976 3634 princeps
2016 3568 2337 3621 Antiochiae,

168 3640 483 3705 LeopolduS,
513 3643 763 3706 Austriae,
795 3642 935 3705 Otto,
982 3642 1255 3705 Meraniae,
1292 3644 1465 3706 duces,
1497 3644 1674 3693 Guido
1704 3643 1968 3704 dominus,
2011 3643 2337 3695 Bertrandus,

168 3714 495 3779 GuillelmuS,
532 3715 849 3779 Gibelenses,
892 3717 1203 3780 Gualterius,
1245 3718 1491 3767 dominus
1531 3718 1891 3779 Caesariensis,
1933 3717 2340 3764 constalmlarius

168 3788 344 3855 Cypri,
373 3788 620 3839 Girardus
650 3791 711 3839 de
743 3792 893 3854 Ham,
923 3792 1201 3854 Johannes,
1239 3792 1646 3842 constabularius
1676 3805 1722 3840 et
1751 3791 2085 3839 marescalcus
2114 3791 2338 3855 'l'ripoli-

168 3874 334 3926 tanus,
374 3863 651 3928 lohannes,
694 3865 940 3913 dominus
980 3866 1286 3931 Berytensis,
1329 3866 1543 3931 ejusque
1588 3867 1734 3914 l'rater
1777 3866 2040 3930 Philippus
2072 3866 2131 3913 de
2166 3865 2339 3921 lheliu,

169 3936 440 4002 Galterius,
495 3938 741 3988 dominus
789 3939 1160 4003 Bethsanensis,
1205 3939 1419 4005 ejusque
1464 3958 1625 4006 nepos
1666 3941 1919 3989 Gremont
1967 3939 2339 3991 Bethsanensis,

258 4035 290 4068 R
305 4037 327 4068 ϋ
343 4035 365 4068 h
379 4046 394 4069 ι·
410 4035 417 4069 i
433 4047 452 4069 c
467 4036 489 4069 h
506 4042 528 4078 l,
567 4035 738 4080 Reges-ta.
1995 4039 2041 4081 Μ’)
