2684 4244
1010 1163 1712 1249 PraefatiO.

446 1433 541 1499 Ex
569 1461 676 1513 quo
704 1458 936 1513 tempore
966 1446 1256 1496 Fridericus
1286 1446 1563 1497 Wilkenus
1596 1446 1725 1497 illud
1765 1447 2050 1496 maximum
2079 1461 2127 1497 et
2154 1447 2446 1514 praeclaris-

267 1535 460 1584 simum
488 1551 639 1603 opuS,
670 1536 815 1601 quod
845 1535 1164 1585 inscribitur:
1196 1536 1504 1587 Geschichte
1534 1538 1624 1586 der
1651 1538 1956 1602 Kreuzz'uge
1984 1536 2210 1603 (Leipzig
2238 1538 2447 1590 1807-

278 1625 430 1690 1832,
463 1642 492 1679 7
521 1624 643 1686 yoll.
676 1624 752 1687 80)
795 1623 971 1689 edidit,
1001 1625 1259 1688 bellorum
1288 1609 1552 1675 sacrorum
1582 1625 1808 1690 historia,
1839 1642 1970 1691 quae
1999 1626 2079 1675 vel
2106 1625 2446 1691 amplitudine

265 1712 348 1762 vel
390 1714 625 1763 doctrina
666 1713 898 1763 Wilkeni
936 1713 1127 1764 librum
1166 1715 1544 1782 aequipararet,
1586 1716 1874 1782 conscripta
1916 1731 2024 1765 non
2065 1728 2154 1779 est,
2197 1731 2316 1764 nam
2354 1715 2447 1764 viri

267 1802 404 1852 docti
446 1818 580 1869 opus
620 1815 721 1852 tam
763 1804 985 1853 arduum
1024 1817 1072 1853 et
1099 1804 1306 1854 difficile
1346 1806 1408 1855 de
1449 1820 1589 1854 novo
1631 1805 1947 1854 ordiendum
1987 1817 2034 1853 et
2073 1803 2448 1870 perficiendum

268 1891 719 1958 perhorrescentes
749 1892 866 1941 satis
894 1893 1204 1958 habuerunt,
1236 1907 1368 1943 certa
1396 1895 1653 1960 quaedam
1681 1907 1977 1960 temporum
2008 1894 2166 1960 spatia
2184 1894 2263 1942 vel
2283 1907 2447 1959 partes

266 1979 450 2030 libellis
491 1993 539 2030 et
577 1980 1019 2032 dissertationibus
1059 1983 1344 2033 accuratius
1382 1997 1608 2047 tractare,
1651 1982 1842 2049 quibus
1886 1983 2137 2032 bellorum
2185 1998 2447 2032 sacrorum

267 2067 495 2123 historici
523 2069 681 2119 futuri
710 2082 937 2134 utantur,
967 2071 1112 2136 regni
1141 2088 1262 2122 vero
1281 2072 1741 2139 Hierosolymitani
1772 2072 2035 2122 historiam
2066 2072 2448 2137 diplomaticam

268 2173 481 2225 prorsus
510 2159 864 2225 neglexerunt.
910 2161 1083 2226 Itaque
1113 2177 1223 2211 rem
1250 2160 1445 2227 jamdiu
1475 2162 1812 2211 desideratam
1841 2178 1938 2211 nos
1967 2160 2165 2211 efficere
2197 2177 2448 2211 conamur

266 2247 350 2313 ita,
380 2260 436 2298 ut
461 2246 589 2298 liber
617 2262 792 2299 noster
819 2250 873 2299 in
901 2250 1110 2300 historia
1140 2250 1257 2300 dicti
1275 2252 1421 2317 regni
1441 2251 1741 2301 illustranda
1760 2252 1989 2301 eundem
2006 2251 2180 2300 locum
2202 2250 2444 2313 obtineat,

266 2352 425 2402 quem
446 2336 583 2388 illius
601 2338 846 2388 Friderici
864 2339 1110 2389 Bohmeri
1130 2341 1344 2405 Regesta
1365 2341 1565 2407 imperii
1595 2341 1649 2389 in
1677 2340 1887 2389 historia
1915 2339 2118 2407 imperii
2147 2339 2445 2389 illustranda

267 2426 517 2477 obtinent.
572 2427 839 2478 Vellemus
868 2445 1052 2479 eorum
1082 2429 1302 2479 formam
1339 2443 1385 2479 et
1414 2429 1811 2496 dispositionem
1851 2429 2035 2479 imitari
2076 2429 2314 2490 licuisset,
2357 2428 2445 2477 sed

267 2530 389 2565 cum
426 2515 652 2583 spatium
692 2517 903 2584 perdere
944 2517 1206 2569 nollemus
1245 2535 1472 2586 cumque
1513 2519 1757 2586 epistulae
1798 2532 1846 2569 et
1884 2521 2084 2568 chartae
2126 2535 2233 2568 non
2274 2518 2446 2567 solum

266 2621 534 2673 paparum,
549 2607 968 2674 patriarcharum,
983 2608 1508 2676 archiepiscoporum,
1529 2610 1912 2677 episcoporum,
1926 2611 2184 2673 abbatum,
2199 2608 2445 2658 ordinum

267 2696 587 2761 equestrium
616 2698 980 2763 magistrorum
1008 2716 1065 2749 ac
1094 2700 1323 2765 fratrum,
1353 2700 1442 2749 sed
1472 2700 1624 2749 etiam
1652 2700 2041 2766 imperatorum,
2072 2715 2273 2763 regum,
2304 2698 2445 2764 prin-

267 2784 460 2852 cipum,
501 2786 770 2853 comitum,
813 2789 1087 2853 nobilium,
1129 2790 1425 2854 consulum,
1466 2804 1811 2854 quaecunque
1840 2789 1903 2838 ad
1932 2788 2198 2838 historiam
2239 2788 2445 2837 illorum

266 2885 565 2940 temporum
609 2876 883 2942 pertinent,
928 2890 1030 2927 tam
1072 2878 1237 2928 variae
1277 2891 1325 2928 et
1363 2891 1465 2927 tam
1506 2878 1696 2927 multae
1737 2877 1853 2942 sint,
1894 2890 1965 2943 ut,
2006 2877 2047 2926 si
2087 2878 2177 2926 has
2217 2877 2446 2941 singulas

268 2962 787 3030 coordinavissemUS‚
829 2979 933 3017 tota
973 2967 1183 3016 materia
1223 2967 1276 3016 in
1315 2967 1431 3034 plus
1470 2983 1625 3032 quam
1669 2967 1847 3016 decem
1890 2979 2056 3033 partes
2086 2966 2244 3015 divisa
2272 2966 2444 3031 itaque

268 3051 421 3102 nimis
450 3053 699 3122 discerpta
728 3069 876 3121 esset,
908 3074 1109 3107 merum
1141 3057 1572 3122 chronologicum
1599 3057 1836 3106 ordinem
1857 3056 2005 3123 sequi
2024 3056 2320 3119 maluimus,
2339 3072 2445 3121 quo

267 3140 351 3191 alii
379 3158 609 3210 quoque,
638 3145 728 3211 qui
759 3147 977 3212 Regesta
1018 3146 1307 3211 ediderunt,
1349 3147 1427 3196 usi
1456 3160 1592 3196 sunt.
1649 3146 1985 3212 Quamquam
2016 3163 2079 3196 ne
2109 3147 2299 3196 horum
2330 3145 2445 3211 qui-

267 3231 386 3280 dem
419 3233 714 3299 exemplum
747 3252 807 3284 ex
836 3235 982 3284 omni
1010 3247 1150 3300 parte
1178 3235 1507 3300 sequendum
1537 3251 1644 3284 esse
1684 3235 1972 3285 statuimus,
2031 3235 2265 3284 Primum
2306 3235 2445 3283 enim

265 3319 427 3370 latino
455 3338 694 3373 sermone
724 3324 920 3374 utimur
949 3340 1057 3373 non
1085 3337 1204 3388 tarn,
1226 3324 1369 3390 quod
1388 3325 1587 3374 chartae
1617 3338 1664 3373 et
1694 3325 1937 3390 epistulae
1969 3324 2188 3373 maxima
2218 3341 2277 3373 ex
2306 3338 2443 3390 parte

265 3408 424 3460 latine
464 3412 780 3480 conscriptae
820 3426 958 3478 sunt,
1000 3430 1157 3479 quam
1198 3415 1340 3480 quod
1382 3432 1461 3464 res
1501 3431 1605 3479 eae,
1647 3431 1779 3480 quae
1816 3414 1875 3464 iis
1904 3414 2255 3477 continentur,
2295 3431 2444 3480 saepe

268 3514 378 3550 non
420 3500 539 3551 satis
578 3515 808 3552 accurate
849 3502 902 3552 in
941 3503 1089 3552 aliam
1130 3503 1361 3568 linguam
1393 3503 1620 3554 converti
1650 3517 1885 3570 possunt.
1944 3504 2145 3554 Deinde
2176 3504 2370 3553 chartas
2399 3518 2444 3553 et

268 3588 509 3656 epistulas
545 3592 712 3642 multo
752 3592 1063 3658 diligentius,
1093 3609 1249 3658 quam
1280 3594 1399 3643 alias
1428 3594 1534 3644 fieri
1563 3594 1709 3655 solet,
1739 3594 2087 3661 excerpsimus
2115 3607 2162 3643 et
2189 3594 2443 3644 annotati-

268 3677 473 3745 onibuS,
504 3695 637 3746 quae
667 3681 980 3747 explicandis
1019 3682 1172 3731 rebus
1211 3682 1513 3747 inserviunt,
1556 3682 1924 3733 illustravimus
1965 3683 2189 3741 citanteS,
2222 3700 2352 3749 quae
2383 3686 2444 3732 ab

266 3767 374 3817 aliis
402 3768 521 3818 viris
550 3770 713 3820 doctis
741 3771 820 3820 vel
848 3788 875 3820 a
904 3770 1054 3820 nobis
1084 3770 1204 3837 ipsis
1232 3772 1340 3821 aliis
1369 3771 1494 3822 locis
1523 3773 1586 3822 ad
1615 3786 1978 3837 argumentum
2010 3773 2313 3840 pertinentia
2346 3773 2443 3833 jam

266 3857 530 3924 proposita
558 3871 693 3908 sunt.
737 3860 1044 3909 Chartarum
1073 3876 1195 3910 vero
1225 3873 1272 3909 et
1299 3861 1635 3927 epistularum
1665 3861 1920 3911 delectum
1950 3863 2304 3912 adhibendum
2335 3880 2443 3912 esse

267 3946 589 4012 putavimus,
640 3963 761 3998 nam
800 3949 839 3998 si
881 3964 1065 3998 omnes
1109 3966 1219 4013 eaS,
1273 3949 1463 4015 quibus
1505 3967 1699 4000 nomen
1739 3950 1817 4000 vel
1856 3950 1954 4000 loci
1995 3951 2212 4015 alicujus
2254 3952 2443 4002 Terrae

268 4035 480 4086 Sanctae
508 4037 589 4086 vel
617 4038 783 4087 clerici
823 4038 1101 4104 militisque
1133 4039 1185 4087 in
1213 4055 1270 4088 ea
1310 4039 1571 4089 constituti
1612 4053 1946 4103 memoratur,
1987 4041 2441 4105 corigessisscintm‚
