2684 4244
995 141 1126 199 regni
1148 140 1585 200 Hierosolymitani.
2268 165 2323 196 21
2344 166 2366 213 5

274 321 449 388 (1205
482 324 598 388 Maj.
631 324 709 386 0.).
748 354 803 359 -
841 325 1272 390 Archicpiscopus
1293 324 2054 391 Caesariensis(archiepiscopo
2085 326 2372 374 Rothoma-

199 398 344 463 gensi
360 397 394 461 ?)
414 398 630 463 nuntiat,
652 399 782 463 regis
802 398 1041 447 Amalrici
1061 399 1098 447 ΙΙ
1118 398 1281 447 filium
1304 399 1335 461 l)
1356 415 1396 447 c.
1418 398 1831 464 purificationem
1851 401 1907 448 Β.
1930 400 2119 448 Mariae
2139 399 2184 461 (2
2207 400 2373 462 Febr.)

201 484 249 522 et
277 488 450 536 regem
480 473 649 538 ipsum
681 492 692 522 1
724 472 885 539 Aprili
915 486 1182 522 mortuum
1213 472 1382 535 esse,2)
1412 473 1695 538 peregrinis
1715 473 2228 539 Constantinopolim
2257 475 2374 522 abe-

202 546 429 608 untibus,
470 547 642 596 fratres
674 546 881 613 Templi
910 561 956 596 et
984 547 1263 612 Hospitalis
1292 547 1375 595 vix
1403 547 1697 596 dominium
1730 548 1919 597 Terrae
1949 548 2160 597 Sanctae
2201 560 2374 596 tenere

201 620 357 686 idque
387 620 594 684 Mariae,
623 621 812 670 scilicet
851 620 981 670 filiae
1022 621 1336 670 marchionis
1380 621 1441 669 de
1488 621 1872 686 Monteferrato,
1919 621 2235 685 adjudicasse
2279 623 2373 670 sub

201 694 432 744 custodia
460 696 700 745 avunculi
740 694 973 759 ejusdem
1013 695 1317 745 constitutae
1339 695 1375 759 3)
1420 694 1569 757 (Rob.
1602 696 1664 744 de
1695 697 1873 745 Monte
1903 713 2019 762 app.
2051 696 2105 744 in
2132 697 2376 760 Bouquet

201 769 376 832 XVIII,
408 786 455 835 p.
491 786 591 835 342
623 769 881 836 epitome).
2260 769 2374 818 803

326 854 354 909 ¹)
388 853 706 908 Amalricum3
741 853 798 898 cf.
824 853 1077 912 epistolam
1101 852 1363 898 Innocentii
1386 854 1442 897 III
1466 853 1722 910 (Potthast,
1747 854 1836 898 No.
1863 853 2013 911 2564).
2201 856 2235 908 2)
2270 855 2375 898 Hoc

201 912 366 956 datum
389 913 476 957 soli
500 923 692 957 nostrae
717 912 945 971 epistolae
971 915 1229 970 debemus3
1255 912 1371 957 obiit
1388 912 1433 956 in
1453 912 1678 970 palmeria
1699 913 1926 971 Cayphae
1945 912 2172 969 (Eracles,
2190 928 2234 970 p.
2257 917 2373 971 305).

202 974 240 1027 3)
273 971 499 1016 Johannis
526 973 583 1017 de
606 972 784 1017 Ibelino
808 973 1027 1029 (Ernoul,
1051 988 1092 1031 p.
1116 986 1229 1032 4073
1264 973 1470 1029 Eracles,
1494 987 1536 1030 p.
1565 975 1684 1032 305).

357 1096 387 1122 „
465 1062 582 1110 Jun.
638 1062 715 1124 16,
771 1060 877 1109 ind.
914 1060 1038 1110 VIII.
1098 1061 1311 1109 Romae.
1356 1088 1428 1094 —-
1471 1059 1807 1109 Innocentius
1851 1060 1912 1108 III
1956 1059 2375 1125 procuratoribus

200 1133 482 1183 domorum
523 1147 570 1184 et
609 1134 929 1201 prioratuum
971 1134 1210 1183 ecclesiae
1252 1133 1467 1183 Domini
1509 1133 1740 1199 Sepulcri
1780 1134 2004 1197 mandat,
2047 1146 2102 1182 ut
2142 1133 2300 1199 priori
2329 1146 2377 1182 et

203 1207 428 1274 capitulo
448 1208 709 1258 Dominici
729 1208 961 1274 Sepulcri
982 1209 1203 1258 debitam
1233 1221 1280 1257 et
1309 1207 1658 1258 obedientiam
1686 1222 1733 1256 et
1761 1207 2096 1257 reverentiam
2118 1208 2179 1257 de
2210 1222 2376 1257 cetero

199 1281 503 1348 impendant
531 1282 779 1347 (Roziere,
811 1299 858 1348 p.
894 1300 1013 1347 272,
1043 1284 1143 1332 No,
1186 1299 1310 1348 149;
1356 1283 1600 1347 Potthast,
1632 1283 1731 1332 No.
1764 1282 1938 1347 2538).
2261 1280 2376 1329 804

348 1416 380 1442 ,,
457 1379 554 1429 Jul.
585 1396 660 1431 12.
690 1379 887 1429 Romae
917 1380 1056 1445 apud
1086 1380 1134 1429 S.
1156 1381 1380 1429 Petrum.
1412 1407 1482 1414 -—
1511 1379 1846 1428 Innocentius
1864 1379 1923 1428 III
1952 1379 2215 1443 P(etrum),
2246 1379 2377 1428 tituli

201 1452 250 1502 S.
266 1453 491 1503 Marcelli
507 1453 816 1503 cardinalem
831 1456 1187 1520 presbyterum
1203 1467 1249 1503 et
1264 1454 1409 1503 Sedis
1420 1454 1748 1519 Apostolicae
1766 1454 2008 1518 legatum,
2027 1454 2374 1519 reprehendit,

200 1528 344 1592 quod
372 1544 492 1577 cum
521 1527 808 1591 S(offredo),
840 1528 1083 1577 cardinali
1119 1529 1168 1578 S.
1199 1529 1452 1593 Praxedis,
1484 1528 1997 1594 Constantinopolim
2025 1540 2201 1577 vectus
2241 1541 2328 1591 est,
2344 1528 2376 1590 1)

200 1602 327 1651 dum
357 1602 621 1668 provincia
649 1603 1118 1669 Hierosolymitana
1151 1615 1268 1669 post
1296 1616 1514 1652 mortem
1544 1602 1788 1652 Amalrici
1817 1603 1856 1651 II
1884 1603 2016 1667 regis
2045 1601 2260 1667 ejusque
2288 1602 2377 1651 filii

200 1688 248 1725 et
276 1689 487 1742 propter
514 1677 705 1726 bellum
735 1677 865 1726 inter
892 1694 1066 1743 regem
1090 1678 1361 1727 Armeniae
1391 1690 1437 1727 et
1465 1677 1710 1727 comitem
1728 1676 2113 1743 Tripolitanum
2141 1691 2377 1726 exortum

202 1750 254 1799 in
298 1768 509 1801 summo
553 1751 846 1801 discrimine
890 1752 1056 1818 posita
1099 1753 1180 1816 sit,
1224 1752 1523 1818 praesertim
1566 1769 1733 1817 quum
1778 1751 1962 1801 foedus
2005 1765 2212 1816 treugae
2257 1768 2374 1800 cum

201 1824 465 1874 Saracenis
494 1825 683 1876 factum
711 1826 989 1892 exspirasse
1019 1827 1231 1892 dicatur,
1244 1827 1279 1890 2)
1310 1843 1538 1892 eumque
1578 1826 1727 1876 multi
1766 1826 2040 1892 peregrini,
2076 1827 2231 1892 paulo
2260 1838 2378 1892 post

200 1898 642 1964 (Clarembaldus),
671 1900 1089 1967 archiepiscopus
1106 1901 1372 1967 Tyrensis,
1402 1901 1610 1966 sequuti
1628 1901 1844 1950 Terram
1864 1901 2102 1950 Sanctam
2133 1901 2373 1949 deserue-

197 1972 323 2036 rint3
355 1991 521 2039 quum
541 1975 681 2024 enim
702 1976 993 2040 (Albertus),
1014 1976 1288 2042 episcopus
1303 1976 1657 2039 Vercellensis,
1690 1976 1743 2024 in
1771 1975 2167 2041 patriarchatum
2186 1975 2373 2024 Hiero—

200 2048 572 2114 solymitanum
616 2050 903 2116 postulatus
925 2050 960 2113 3)
1005 2063 1214 2116 propter
1251 2050 1386 2100 varia
1428 2050 1634 2116 negotia
1673 2051 1915 2100 nondum
1958 2049 2371 2113 transfretaverit,

198 2122 296 2189 ipsi
335 2123 388 2172 in
416 2124 576 2173 Terra
616 2124 799 2174 Sancta
838 2126 1216 2174 remanendum
1256 2124 1426 2174 fuisse.
1507 2125 1748 2190 Denique
1792 2124 1979 2189 scribit,
2024 2142 2092 2188 se,
2137 2141 2268 2189 quae
2313 2124 2374 2172 de

200 2197 412 2263 negotio
441 2198 751 2264 patriarchae
781 2199 1095 2249 Antiocheni
1136 2212 1185 2248 et
1223 2200 1415 2248 abbatis
1456 2199 1505 2248 S.
1536 2199 1713 2262 P(auli)
1755 2199 1881 2248 facta
1920 2198 2164 2262 retulerit,
2205 2199 2376 2247 adhuc

199 2273 533 2338 supersedere
562 2286 626 2338 et,
657 2289 824 2338 quum
851 2274 1212 2337 B(enedictus),
1246 2273 1380 2323 tituli
1421 2273 1470 2323 S.
1503 2274 1770 2323 Susannae
1799 2274 2066 2323 cardinalis
2095 2275 2374 2339 presbyter,

201 2346 347 2395 Sedis
366 2348 693 2413 Apostolicae
721 2349 934 2412 legatus,
956 2349 1009 2397 in
1028 2348 1295 2399 Graeciam
1314 2349 1596 2398 mittendus
1631 2347 1729 2411 jam
1759 2349 1813 2398 in
1840 2347 2085 2414 Apuliam
2117 2348 2376 2414 profectus

200 2420 262 2470 sit
289 2434 337 2470 et
364 2421 663 2486 S(offredus)
684 2423 952 2472 cardinalis
982 2423 1074 2472 iter
1101 2423 1353 2472 redeundi
1382 2423 1666 2488 arripuerit,
1698 2423 1742 2472 ei
1770 2423 1995 2487 mandat,
2017 2436 2072 2472 ut
2090 2422 2142 2471 in
2161 2423 2377 2471 Terram

202 2494 438 2545 Sanctam
479 2497 705 2546 celeriter
743 2511 956 2547 revertat
983 2497 1293 2564 patriarchae
1325 2497 1784 2564 Hierosolymitani
1813 2499 2091 2547 adventum
2123 2510 2378 2562 exspecta-

200 2582 347 2620 turus
375 2570 709 2638 (Bre'quigny,
738 2573 831 2639 Ep.
864 2573 1039 2622 Innoc.
1072 2573 1128 2636 ΙΙ,
1159 2589 1207 2638 p.
1231 2573 1538 2636 760-*762,
1569 2573 1668 2622 No,
1700 2574 1824 2635 1263
1856 2573 2027 2637 Gesta,
2058 2579 2081 2628 S
2112 2587 2207 2636 953
2240 2572 2378 2620 Pott—

202 2644 330 2709 hast,
361 2646 460 2695 No.
495 2646 670 2712 2564).
2264 2643 2379 2692 805

328 2732 360 2785 ¹)
386 2729 479 2786 Qui
503 2745 540 2775 c.
568 2746 612 2789 15
636 2732 813 2776 Octob.
836 2747 946 2788 1204
964 2733 1097 2790 Tyro
1118 2729 1321 2789 profecti
1341 2740 1400 2786 et,
1424 2745 1587 2774 mense
1604 2730 1678 2774 vel
1698 2730 1887 2774 duobus
1907 2729 2150 2774 mensibus
2170 2739 2378 2787 praetcn

202 2787 360 2846 lapsis,
384 2790 857 2849 Constantinopolim
889 2790 1073 2849 appulsi
1107 2801 1216 2835 sunt
1250 2789 1475 2847 (Klimke,
1510 2791 1566 2833 l).
1594 2790 1797 2845 Quellen
1831 2805 1914 2834 zur
1938 2790 2107 2834 (jesch.
2135 2790 2177 2832 d.
2202 2788 2380 2832 viertcn

204 2849 523 2908 Kreuzzuges,
546 2851 742 2895 Breslau
773 2852 895 2910 1875,
918 2866 961 2908 p.
978 2853 1067 2908 99).
1195 2853 1229 2905 2)
1253 2851 1446 2907 Treuga
1470 2865 1509 2894 a.
1532 2851 1640 2908 1198
1663 2849 1783 2894 inter
1805 2851 2074 2895 Saracenos
2099 2860 2143 2893 et
2168 2847 2353 2893 christia

203 2922 294 2952 nos
314 2908 435 2953 facta
462 2924 474 2953 1
498 2911 634 2954 Mart.
659 2926 767 2968 1204
785 2909 1036 2969 exspiravit
1059 2910 1141 2954 sed
1168 2924 1319 2967 usque
1344 2910 1403 2952 ad
1427 2924 1605 2953 annum
1636 2909 1744 2953 1208
1767 2909 1840 2953 vel
1871 2924 1977 2967 1209
2003 2909 2285 2968 prolongata
2312 2918 2382 2952 est

204 2967 467 3025 (Ro‘hricht,
490 2969 707 3028 Studien,
730 2985 772 3028 p.
801 2986 869 3030 32,
893 2980 992 3014 not.
1019 2973 1106 3029 29).
1241 2970 1274 3026 3)
1308 2967 1535 3013 Ro'hricht
1557 2969 1603 3013 in
1626 2970 1810 3013 ZDPV.
1835 2970 1892 3026 X,
1914 2984 1957 3027 p.
1983 2970 2112 3027 8--11,

354 3092 383 3117 ,,
461 3056 557 3105 Jul.
589 3084 661 3090 —
688 3057 882 3119 Petrus,
925 3057 974 3105 S.
1007 3055 1233 3105 Marcelli
1262 3056 1526 3122 presbyter
1553 3055 1838 3119 cardinalis,
1880 3056 2207 3122 Apostolicac
2237 3055 2382 3103 Sedis

204 3128 415 3193 legatuS,
436 3130 523 3194 Μ.,
538 3130 569 3193 1)
589 3131 754 3179 abbati
775 3130 967 3179 Montis
985 3131 1214 3194 Thabor,
1235 3130 1420 3195 scribit,
1451 3147 1502 3179 se
1532 3146 1622 3195 per
1652 3147 1864 3180 manum
1884 3131 2093 3180 Jordani
2124 3129 2306 3196 prioris
2336 3142 2382 3177 ct

207 3202 441 3252 Gaufridi
472 3203 633 3253 fratris
662 3205 822 3254 dictae
851 3205 1089 3254 ecclesiae
1117 3205 1489 3254 monasterium
1532 3204 1580 3254 S.
1614 3204 1802 3254 Mariae
1833 3206 1895 3254 de
1925 3203 2382 3268 Constantinopoli

206 3277 469 3327 tradidisse
499 3277 655 3341 (Paoli
685 3279 719 3343 Ι,
751 3296 799 3345 p.
833 3296 918 3344 94,
951 3280 1049 3328 No,
1084 3280 1178 3342 893
1223 3278 1284 3328 cf.
1315 3295 1364 3345 p.
1401 3279 1536 3344 516).
2268 3276 2383 3325 806

333 3363 364 3416 ¹)
398 3362 469 3406 De
494 3377 590 3420 quo
616 3377 758 3421 supra
783 3364 872 3407 No.
897 3362 980 3406 802
1008 3373 1053 3406 et
1075 3363 1258 3406 ZDPV.
1284 3363 1341 3419 X,
1364 3378 1407 3421 p.
1434 3378 1501 3422 31).

358 3486 389 3510 ,,
468 3449 565 3499 Jul.
608 3450 826 3516 Tripoli.
857 3478 928 3484 —-
956 3450 1297 3499 Boamundus
1326 3450 1408 3514 IV,
1451 3450 1690 3516 princeps
1729 3449 2088 3498 Antiochcnus
2128 3462 2175 3497 01
2212 3466 2384 3497 comcs

209 3522 581 3588 Tripolitanus,
606 3525 850 3588 Henrico,
881 3524 1055 3573 comiti
1078 3526 1266 3587 Maute,
1287 3540 1378 3589 per
1396 3541 1582 3573 manus
1600 3523 1793 3573 Alberti
1814 3523 2046 3573 Gallinae
2066 3537 2111 3571 01
2134 3523 2384 3571 Armanni

210 3596 540 3662 vicecomitis,
598 3599 930 3648 servientium
975 3598 1242 3647 communi
1285 3598 1626 3648 Januensium
1671 3597 1795 3661 jura,
1841 3611 1887 3646 ct
1929 3597 2206 3662 privilegia,
2252 3614 2383 3661 quac

211 3671 504 3721 habuerunt
531 3672 583 3721 in
613 3672 855 3722 comitatu
886 3686 932 3721 ct
962 3672 1248 3738 principatu
1277 3689 1391 3737 suo,
1422 3672 1591 3737 sigillo
1620 3673 1795 3721 sancit.
1818 3701 1888 3705 -—
1911 3673 2235 3726 bertrandus,
2268 3672 2384 3719 Rai-

215 3746 462 3809 mundUS,
483 3746 814 3797 Guillielmus
834 3749 895 3796 de
917 3747 1098 3809 Biblio,
1121 3747 1391 3807 plebanus,
1412 3747 1659 3796 dominus
1689 3748 1751 3795 110
1780 3747 2025 3803 Botronc,
2058 3746 2386 3794 Raimundus

215 3820 277 3868 de
319 3820 675 3885 Scandelione,
717 3822 890 3888 Gysus
924 3822 986 3870 110
1019 3822 1199 3884 Η111],ῑ)
1240 3822 1647 3871 constabularius
1686 3819 2059 3886 'l'ripolitanus
2104 3820 2386 3869 Manscllus

340 3938 371 3991 ¹)
404 3933 555 3978 Alias:
582 3934 806 3980 (iit-ardus
832 3936 888 3979 110
918 3936 1053 3979 llam.
