2684 4244
987 143 1118 200 regni
1141 143 1575 202 Hierosolymitani.
2275 169 2286 198 1
2313 169 2368 205 μ)

195 325 547 383 marescalcus,
579 326 755 376 Guido
785 327 846 375 de
879 326 1137 386 Maneriis,
1169 330 1288 375 Atto
1309 327 1370 375 de
1393 326 1569 383 Marla,
1602 326 1903 385 Balduinus,
1934 327 2218 376 vicecomes
2238 329 2371 377 Nea-

195 398 343 465 polis,
374 398 659 450 Gocelinus
689 402 749 450 de
781 401 989 462 Betlem,
1010 400 1207 462 Simon,
1228 401 1376 449 frater
1403 399 1528 463 ejus,
1564 402 1822 449 Manasses
1851 403 1912 450 de
1942 402 2203 461 Caesarea,
2237 403 2371 450 Pon-

194 472 295 522 tius
324 474 609 538 Marranus,
653 477 836 524 Manso
866 474 1102 535 Curialis,
1146 475 1311 525 Ursus
1340 475 1501 537 Palaz,
1550 477 1775 524 Mannus
1806 476 1867 524 de
1896 476 1941 524 la
1972 476 2143 539 Gravi,
2188 478 2371 525 Mauso

194 546 451 596 Sesinalis,
495 548 683 597 Datum
715 566 806 615 per
834 565 1047 598 manum
1079 548 1303 612 Radulfi,
1332 549 1464 613 regis
1493 550 1776 598 cancellarii
1808 549 2041 611 (Camera
2070 551 2104 613 I,
2126 567 2173 616 p.
2196 567 2372 615 203-—

197 636 327 686 2o4;
372 621 579 685 Ughelli
610 624 713 683 VII,
757 640 804 689 p.
840 639 1152 687 204—2053
1197 624 1359 671 Pansa
1388 623 1421 685 I,
1465 639 1513 688 p.
1547 626 1648 685 97).
1679 619 1692 691 1)
1731 625 1847 672 Hoc
1887 624 2211 689 privilegium
2254 625 2372 673 Ale-

194 695 387 744 xander
415 695 482 745 IV
514 698 578 746 26
610 696 772 763 April.
814 699 946 762 1256
978 697 1246 746 confirmat
1275 696 1508 759 (Camera
1537 697 1592 759 lI,
1624 714 1671 763 p.
1702 698 1873 761 XLIII,
1904 699 2002 747 No.
2039 699 2137 762 29).
2257 697 2371 746 453

276 798 425 847 1168
455 802 587 851 Nov.
606 804 682 865 18,
706 802 811 851 ind.
833 801 956 864 I(II).
979 801 1142 851 Craci.
1160 831 1228 836 —
1246 801 1518 864 Galterius,
1534 802 1780 850 dominus
1798 802 1990 851 Montis
2006 802 2225 868 Regalis,
2248 819 2372 851 con-

193 890 348 924 sensu
379 875 640 925 Guidonis
684 875 846 925 fratris
886 889 933 925 et
971 876 1209 925 Beatricis
1250 875 1380 924 filiae
1421 892 1541 924 suae
1584 891 1677 941 pro
1718 875 1890 924 anima
1930 877 2157 925 Helenae
2200 877 2371 925 uxoris

194 948 429 998 fratribus
460 950 509 999 S.
542 950 717 999 Lazari
747 951 807 999 de
837 951 1112 999 Jerusalem
1144 951 1235 999 XL
1263 949 1508 999 bisantios
1549 951 1611 998 de
1641 966 1737 999 suo
1767 951 2071 1000 concambio
2099 952 2371 1000 Berritensi

192 1024 461 1072 annuatim
500 1025 826 1090 recipiendos
866 1026 1025 1074 donat
1064 1038 1110 1073 et
1150 1024 1317 1088 sigillo
1360 1023 1645 1073 confirmat.
1685 1053 1758 1057 —
1799 1024 2096 1088 Guerricus,
2133 1026 2371 1074 ecclesiae

193 1097 507 1147 Petracensis
537 1099 733 1164 primus
763 1099 1180 1164 archiepiscopus
1209 1098 1760 1161 latiims,1)Seherinus
1780 1099 1841 1147 de
1864 1100 2194 1163 Mamedone,
2216 1099 2372 1148 Sehe-

192 1171 337 1221 rinus
366 1173 427 1221 de
450 1173 638 1237 Waise,
669 1173 930 1238 SiguinuS,
950 1174 1198 1223 Girardus
1229 1174 1290 1222 de
1319 1175 1537 1233 BeteraS,
1559 1172 1822 1222 Guarinus
1849 1173 1911 1221 de
1942 1174 2178 1236 Hobelet,
2201 1174 2373 1223 Girar-

193 1246 290 1295 dus
335 1247 397 1296 de
442 1247 672 1313 SpinetO,
718 1248 1029 1312 Inguanius,
1074 1249 1253 1297 Petrus
1298 1248 1360 1296 de
1405 1247 1618 1310 Hasard,
1670 1247 1980 1296 Osmundus
2026 1249 2086 1296 de
2131 1249 2371 1309 Belnaco,

193 1321 432 1385 magister
478 1322 748 1385 Martinus,
795 1322 1033 1386 magister
1075 1321 1419 1385 RaimundUS,
1460 1322 1704 1370 Herricus
1745 1322 1806 1370 de
1849 1322 2064 1384 Leodio,
2111 1323 2371 1385 Herricus,

193 1393 302 1458 ejus
331 1394 482 1445 filius,
527 1396 718 1445 Datum
748 1413 839 1462 per
866 1412 1082 1446 manum
1111 1396 1390 1457 Laurentii,
1420 1395 1611 1446 Galteri
1641 1396 1905 1462 capellani,
1924 1396 2185 1446 Amalrico
2215 1397 2232 1445 Ι
2262 1413 2372 1460 reg-

192 1481 346 1518 nante
377 1469 639 1532 (Archives
669 1471 731 1519 de
759 1470 980 1520 l'Orient
1007 1470 1131 1520 latin
1161 1471 1271 1536 1113,
1302 1488 1350 1537 p.
1382 1487 1497 1535 142,
1529 1471 1628 1520 No,
1664 1487 1757 1533 243
1795 1470 1855 1519 cf.
1889 1471 2136 1535 Cibrario,
2166 1488 2214 1537 p.
2240 1473 2370 1535 2363

192 1543 435 1607 Ferrand,
467 1560 515 1610 p.
550 1545 651 1609 31)·
2257 1543 2372 1593 454

316 1629 350 1683 ¹)
382 1628 555 1672 Fuerat
578 1627 836 1672 canonicus
861 1628 907 1674 S.
933 1629 1181 1687 Sepulchri
1205 1629 1284 1685 (cf.
1308 1628 1537 1673 Ro'hricht
1559 1628 1606 1672 in
1628 1629 1811 1672 ZDPV.
1838 1629 1895 1686 X,
1919 1643 1960 1686 p.
1994 1630 2076 1684 16).

328 1760 358 1785 „
439 1724 835 1791 Hierosolymis.
856 1753 927 1759 ——
946 1724 1285 1787 A(malricus),
1307 1723 1589 1789 patriarcha
1608 1723 2131 1789 Hierosolymitanus,
2155 1725 2301 1773 Petro
2322 1726 2374 1788 ΙΙ,

193 1798 243 1848 S.
275 1798 545 1864 Sepulchri
576 1799 749 1864 priori,
786 1799 1022 1865 precibus
1061 1798 1349 1848 Amalricil
1390 1797 1520 1862 regis
1562 1813 1769 1847 necnon
1810 1813 2068 1847 consensu
2110 1799 2370 1862 Hugonis,

189 1872 399 1938 Templi
429 1873 644 1922 Domini
673 1873 881 1935 abbatis,
910 1874 1171 1922 ecclesiam
1202 1872 1612 1939 Neapolitanam,
1644 1888 1776 1937 quae
1805 1874 1866 1920 ab
1897 1873 2084 1921 eodem
2112 1890 2229 1937 rege
2260 1875 2371 1922 data

191 1947 254 1995 ad
298 1946 508 1996 titulum
547 1947 851 1997 Dominicae
892 1949 1149 1998 Passionis
1189 1960 1236 1996 et
1275 1946 1687 1995 Resurrectionis
1731 1946 1991 1995 aedificata
2033 1947 2211 2007 fuerat,
2254 1964 2372 1997 cum

192 2020 390 2085 juribus
428 2021 579 2070 variis
618 2022 853 2071 concedit
893 2036 941 2072 et
980 2022 1147 2086 sigillo
1188 2021 1473 2070 confirmat.
1515 2048 1587 2055 —
1628 2021 1918 2070 Amalricus
1959 2038 2061 2083 rex,
2100 2023 2371 2085 Radulfus,

190 2095 544 2165 Bethleemita,
561 2096 849 2160 Rainerius,
870 2096 1156 2160 Liddensis,
1176 2096 1462 2158 Rainerius,
1482 2095 1809 2159 Sebastensis,
1831 2095 2075 2162 episcopi,
2098 2097 2373 2160 Rodulfus,

192 2170 525 2234 Sebastensis,
541 2171 865 2234 Hamericus,
897 2172 1090 2221 Montis
1111 2171 1313 2233 Oliveti,
1333 2169 1544 2236 priores,
1566 2170 1844 2232 Guilricus,
1867 2171 2092 2220 decanus
2110 2171 2371 2237 Neapolis,

191 2245 453 2295 Rodulfus
481 2245 892 2308 archidiaconus,
914 2246 1202 2295 Amalricus
1230 2244 1575 2307 cancellarius,
1597 2244 1836 2309 magister
1853 2245 2096 2306 Eraclius,
2114 2245 2145 2308 1)
2175 2246 2372 2294 Rober-

191 2331 274 2369 tus
302 2319 364 2368 de
393 2320 690 2384 Pinchinec,
733 2320 1017 2370 Gaufridus
1045 2320 1389 2383 Turonensis,
1430 2319 1732 2382 Balduinus,
1775 2319 2059 2368 vicecomes
2094 2321 2370 2386 Neapolys,

193 2394 432 2458 magister
472 2394 782 2461 Stephanus,
837 2396 1029 2444 Datum
1069 2410 1209 2444 anno
1251 2412 1277 2442 a
1317 2393 1553 2459 captione
1596 2393 1877 2443 Jerusalem
1924 2394 2081 2443 LXIX
2123 2394 2372 2457 (Roziere

192 2485 241 2535 p.
275 2470 583 2534 287—289,
614 2470 714 2519 No.
756 2471 881 2530 160;
929 2469 1122 2533 Migne,
1154 2486 1201 2535 p.
1244 2484 1618 2533 1240—1241,
1650 2469 1750 2517 No,
1792 2468 1921 2531 160).
2258 2468 2373 2516 455

317 2554 350 2608 ¹)
374 2553 550 2597 Postea
573 2552 962 2611 archiepiscopus
988 2551 1309 2597 Caesariensis
1330 2563 1375 2596 et
1397 2551 1603 2610 denique
1622 2551 1889 2609 patriarcha
1907 2551 2373 2612 Hierosolymitanus

192 2612 398 2668 (ZDPV.
422 2613 479 2669 x,
501 2626 545 2671 p.
570 2612 719 2671 7—8).

330 2744 362 2770 „
440 2706 833 2774 Hierosolymis
864 2735 935 2740 -—
967 2706 1270 2770 Amalricus,
1301 2706 1583 2771 patriarcha
1602 2704 2127 2772 HierosolymitanuS,
2147 2707 2294 2755 Petro
2316 2707 2371 2766 Il,

194 2783 245 2832 S.
278 2781 547 2848 Sepulchri
578 2782 753 2848 priori,
789 2781 1053 2830 ecclesiam
1095 2782 1143 2830 S.
1175 2780 1393 2843 Nicolai,
1424 2797 1555 2845 quae
1585 2793 1719 2829 extra
1748 2797 1928 2830 muros
1956 2782 2149 2846 Joppae
2180 2799 2204 2829 a
2235 2795 2372 2846 parte

193 2856 578 2923 septentrionali
620 2857 672 2905 in
712 2872 894 2921 aggere
936 2856 985 2905 S.
1017 2855 1216 2904 Nicolai
1256 2872 1409 2919 supra
1450 2871 1586 2904 mare
1628 2867 1915 2904 constructa
1957 2868 2029 2904 est
2068 2869 2200 2904 etex
2232 2857 2374 2904 dono

193 2931 325 2996 regis
345 2930 587 2980 Amalrici
615 2932 631 2980 l
660 2932 722 2980 ad
751 2930 959 2980 titulum
989 2930 1293 2979 Dominicae
1322 2929 1581 2978 Passionis
1609 2942 1656 2978 et
1681 2930 2092 2979 Resurrectionis
2120 2931 2373 2996 pertinere

194 3005 494 3069 dinoscitur,
540 3022 659 3055 cum
704 3005 1023 3071 pertinentiis
1066 3021 1121 3053 ac
1167 3002 1361 3067 juribus
1407 3003 1642 3053 concedit
1682 3016 1729 3052 et
1768 3004 1935 3068 sigillo
1975 3004 2257 3053 confirmat.
2314 3034 2374 3039 ——

194 3079 1132 3143 Radulqu,Bethleemita,Rainerius,
1155 3078 1441 3142 Liddensis,
1463 3078 1752 3142 RaineriuS,
1774 3078 2106 3137 Sebastensis,
2128 3080 2371 3144 episcopi,

194 3154 466 3219 Radulfus,
498 3154 829 3217 Sebastensis,
859 3153 1199 3217 Haimericus,
1230 3153 1422 3202 Montis
1451 3152 1654 3216 Oliveti,
1685 3152 1898 3219 priores,
1930 3154 2183 3202 Radulfus
2213 3155 2372 3202 archia

196 3228 461 3292 diaconUS,
490 3228 780 3278 Amalricus
811 3227 1156 3291 cancellarius,
1198 3228 1436 3291 magister
1462 3227 1708 3287 Eraclius,
1751 3228 1910 3291 Hugo
1947 3229 2007 3276 de
2036 3228 2371 3284 jherusalem,

195 3304 451 3352 Robertus
492 3304 554 3352 de
597 3303 890 3362 Pinchinec,
936 3302 1219 3352 Gaufridus
1258 3302 1601 3351 Turonensis.
1658 3303 1845 3351 Datum
1889 3318 2028 3350 anno
2070 3320 2096 3350 a
2139 3303 2372 3367 captione

196 3377 245 3427 S.
266 3377 494 3428 Civitatis
524 3378 683 3427 LXIX
712 3377 960 3439 (Roziere,
994 3394 1039 3442 p.
1066 3379 1372 3440 280—290,
1403 3378 1502 3426 No.
1533 3378 1617 3425 161
1644 3393 1655 3438 ;
1694 3377 1887 3440 Migne,
1919 3394 1966 3442 p.
1998 3394 2085 3425 121
2112 3394 2372 3429 1—1212.

194 3453 295 3501 No.
340 3452 471 3514 161).
2259 3450 2374 3497 456

333 3594 363 3618 ,,
448 3584 506 3590 -
562 3555 833 3615 Gibertus,
886 3554 1123 3618 magister
1165 3554 1471 3619 Hospitalis,
1529 3554 1824 3603 auctoritate
1870 3554 2108 3603 omnium
2166 3555 2372 3603 fratrum

197 3628 334 3693 juxta
378 3629 768 3679 concessionem
814 3628 1218 3695 praedecessoris
1263 3628 1543 3679 Raimundi
1590 3630 1650 3676 ad
1696 3628 1993 3677 mansiones
2040 3629 2292 3677 faciendas
2329 3645 2371 3677 ei

196 3704 530 3753 laborandam
558 3718 742 3753 terram
772 3704 824 3752 in
854 3704 1048 3752 civitate
1068 3704 1345 3752 Bersabeae
1374 3705 1502 3752 Juda
1539 3703 1658 3751 alias
1688 3703 2030 3766 ssegebelinus
2051 3717 2224 3751 vocata
2255 3707 2372 3752 bur-

197 3778 441 3843 gensibus
486 3779 661 3840 donat,
708 3794 936 3843 quorum
982 3778 1195 3826 nomina
1239 3790 1384 3826 sunt:
1442 3779 1618 3827 Petrus
1667 3778 2017 3837 Alumuensis,
2068 3780 2371 3830 Bernardus.

198 3852 508 3915 Guilelmus,
531 3851 823 3914 fraterejus,
854 3852 1088 3900 Sanctius
1118 3852 1302 3910 Gasco,
1335 3852 1628 3917 Stephanus
1662 3852 2000 3908 Lombardus,
2020 3853 2281 3900 ,lohannes
2312 3854 2372 3900 de

198 3927 531 3990 Corseniana,
562 3927 756 3989 Guido,
786 3942 944 3991 gener
973 3925 1098 3987 ejus,
1132 3927 1308 3975 l'etrus
1338 3927 1398 3975 de
1432 3928 1620 3983 Rolias,
1648 3928 1910 3974 herardus
1943 3927 2190 3980 lloriiil'er.
2227 3928 2363 3974 laur
