2684 4244
375 193 481 247 324
1310 171 1605 232 Regesta

2146 251 2545 258 ——..-..———-..—-——

371 358 624 408 decimam
667 355 960 423 piscationis
999 355 1186 405 scilicet
1224 356 1279 405 in
1317 355 1645 421 longitudine
1689 356 1824 406 horti
1866 356 1946 407 sui
1990 356 2253 423 Gloriette,
2298 357 2389 424 qui
2431 368 2548 408 ante

371 444 572 498 portam
611 429 893 497 Hospitalis
920 429 1232 495 Tripolitani
1275 430 1581 494 extenditur,
1623 442 1671 479 et
1709 430 1763 479 in
1801 430 2128 495 longitudine
2167 432 2357 481 domus
2384 431 2547 498 ipsius

371 505 669 571 Hospitalis,
698 533 771 539 ——
799 504 875 553 De
903 503 1130 553 vasallis:
1175 504 1489 569 Guillaume,
1531 503 1779 554 dominus
1820 505 1925 554 dou
1959 506 2171 569 Botron,
2203 505 2423 570 Meillor,
2452 505 2548 555 do-

370 579 545 628 minus
574 579 636 628 de
667 577 969 642 Maracle(a),
997 578 1183 644 Johan,
1213 579 1460 628 dominus
1488 578 1595 628 dou
1624 578 1750 644 Puy,
1778 579 1962 643 Johan,
1992 579 2330 630 marescalcus
2356 578 2548 646 Tripo-

370 654 577 717 litanuS,
606 652 772 702 Johan
802 652 989 716 Pierre,
1026 652 1190 701 Henri
1219 653 1283 702 de
1311 652 1625 717 CamerdaiS,
1654 652 1888 702 Thomas
1917 656 2060 717 Arra,
2089 653 2257 703 Johan
2285 653 2347 703 de
2375 652 2549 702 Flain-

375 740 498 791 cort,
519 727 718 791 Angele
737 726 921 790 Pierre,
941 727 1180 776 Bemond
1199 731 1344 791 Arra,
1365 727 1532 776 Pierre
1552 725 1679 776 dela
1697 725 1962 776 Gibroille.
1993 727 2185 776 Datum
2213 743 2305 794 per
2331 742 2548 777 manum

371 801 621 851 Johannis
652 799 937 850 cancellarii
967 800 1282 867 principatus
1313 813 1360 850 et
1387 800 1657 850 comitatus
1682 816 1823 850 anno
1852 800 1914 850 III
1943 799 2100 861 (Paoli
2119 801 2154 866 I,
2173 817 2223 868 p.
2250 801 2550 867 147—148,

370 876 470 925 No,
513 876 637 938 126;
682 874 744 925 cf.
775 891 825 942 p.
862 875 997 940 528).
2397 872 2549 924 1229

450 961 599 1011 1255
628 963 790 1029 April.
831 980 870 1012 1.
925 963 1161 1029 Neapoli.
1199 992 1271 998 ——
1310 962 1603 1012 Alexander
1645 963 1713 1013 IV
1756 962 2058 1026 (Guillelmo
2101 963 2165 1013 de
2209 962 2548 1028 Castronovo)

368 1037 611 1102 magistro
641 1049 690 1086 et
717 1037 954 1087 fratribus
972 1038 1253 1104 Hospitalis
1280 1037 1493 1087 liberam
1523 1037 1905 1103 possessionem
1931 1037 2049 1102 loci,
2079 1037 2133 1087 in
2160 1053 2269 1103 quo
2295 1037 2350 1087 in
2370 1038 2550 1088 Monte

368 1112 583 1161 Thabor
610 1111 984 1161 monasterium
1010 1111 1043 1175 1)
1073 1129 1100 1161 a
1128 1112 1391 1162 Saracenis
1419 1112 1736 1161 destructum
1763 1111 1962 1176 exstitit,
1993 1128 2113 1161 cum
2142 1111 2460 1178 pertinentiis
2487 1128 2551 1162 eo

371 1199 520 1252 pacto
539 1185 790 1250 concedit,
812 1198 868 1235 ut
894 1186 1026 1235 infra
1052 1187 1100 1235 X
1128 1203 1310 1250 annOS,
1340 1186 1382 1235 si
1409 1202 1507 1252 pax
1534 1186 1615 1235 vel
1642 1198 1850 1251 treugae
1870 1185 2061 1236 fuerint
2087 1186 2222 1235 inter
2249 1185 2551 1236 christianos

369 1274 417 1309 et
458 1260 736 1310 Saracenos
776 1260 1069 1326 continuae,
1114 1274 1391 1327 postquam
1443 1260 1825 1327 praedictorum
1876 1261 2114 1311 locorum
2168 1259 2552 1327 possessionem

371 1335 561 1384 fuerint
588 1334 822 1399 assecuti,
854 1335 906 1383 in
934 1335 1050 1384 loco
1079 1335 1192 1401 ipso
1221 1334 1568 1384 munitionem
1598 1334 1761 1384 facere
1790 1347 1838 1384 et
1865 1335 1955 1384 XL
1981 1334 2167 1384 milites
2194 1335 2380 1385 habere
2406 1334 2553 1385 tene-

371 1421 522 1458 antur
550 1421 598 1458 et
626 1409 794 1458 abbati
821 1426 878 1458 ac
906 1409 1193 1473 monachiS,
1214 1409 1304 1474 qui
1324 1421 1619 1475 supersunt,
1639 1407 1778 1474 juxta
1805 1409 2072 1459 arbitrium
2101 1404 2358 1475 (Aegidii),
2385 1406 2551 1458 archi-

372 1482 601 1549 episcopi
622 1482 886 1550 Tyrensis,
918 1495 966 1532 et
993 1482 1288 1547 (Henrici?),
1319 1483 1511 1533 abbatis
1539 1482 1588 1534 S.
1607 1482 1797 1533 Mariae
1827 1484 1889 1532 de
1917 1483 2045 1533 valle
2072 1483 2316 1550 Josaphat
2342 1486 2552 1534 Accone

370 1557 758 1622 commorantiS,
790 1571 837 1606 et
866 1573 1050 1607 eorum
1078 1557 1284 1607 alterius
1311 1569 1512 1607 tanturn
1548 1557 1786 1606 exhibere
1826 1558 2060 1623 debeant,
2090 1558 2230 1608 unde
2258 1556 2446 1608 vivant.
2465 1551 2551 1627 ΙΙΙΠ

371 1632 600 1681 eundem
630 1631 732 1681 fere
762 1632 982 1681 modum
1010 1632 1257 1698 scriptum
1287 1644 1359 1681 est
1387 1631 1775 1698 archiepiscopo
1793 1631 2015 1699 Tyrensi
2034 1644 2083 1682 et
2100 1632 2266 1682 abbati
2293 1631 2342 1684 S.
2362 1631 2558 1690 Mariae

372 1706 438 1759 de
456 1706 585 1755 valle
602 1707 846 1772 Josaphat
863 1705 1127 1755 antedictis
1146 1705 1302 1769 (Paoli
1322 1706 1357 1771 I,
1376 1722 1424 1772 p.
1444 1722 1564 1772 273,
1584 1706 1684 1755 No.
1703 1706 1757 1769 8;
1780 1706 2022 1771 Potthast,
2042 1707 2142 1757 No.
2159 1724 2173 1756 1
2191 1706 2366 1772 5771).
2402 1703 2553 1755 1230

498 1792 529 1846 ¹)
563 1791 635 1834 De
661 1789 878 1835 cessione
896 1790 1076 1835 Montis
1091 1790 1293 1835 Thabor
1317 1789 1542 1848 (Eracles,
1563 1804 1607 1849 p.
1621 1805 1724 1848 442,
1737 1790 1845 1849 629)
1864 1790 2043 1835 Chron.
2064 1792 2122 1836 de
2139 1791 2419 1850 Lanercost,
2435 1805 2480 1850 p.
2495 1792 2546 1837 61

374 1849 558 1894 scribit:
586 1850 754 1894 «Mons
773 1850 974 1895 Thabor
996 1865 1106 1895 cum
1130 1849 1411 1908 appenditiis
1435 1850 1656 1895 venditus
1680 1859 1751 1893 est
1768 1849 2097 1909 Hospitalariis
2120 1865 2208 1909 pro
2232 1851 2323 1896 MC
2342 1849 2552 1896 bisantiis

370 1908 449 1967 ita,
472 1909 605 1968 quod
629 1908 875 1954 castellum
897 1908 1019 1954 infra
1043 1910 1191 1955 dictas
1216 1920 1407 1968 treugas
1430 1909 1760 1955 fabricarent».

507 2034 537 2059 „
615 1996 777 2062 April.
810 1997 857 2046 8.
912 1995 1149 2062 Neapoli.
1186 2023 1259 2031 —-
1297 1996 1590 2047 Alexander
1628 1997 1695 2047 IV
1739 1996 2039 2060 (Guillelmo
2079 1997 2143 2047 de
2186 1997 2367 2047 Castro
2396 1996 2551 2061 novo)

370 2070 616 2134 magistro
645 2083 693 2120 et
720 2070 959 2121 fratribus
988 2070 1271 2138 Hospitalis
1290 2072 1527 2121 concedit
1555 2071 1608 2121 in
1634 2084 1962 2138 perpetuum,
1983 2084 2039 2122 ut
2057 2072 2119 2121 de
2138 2070 2552 2138 possessionibus

370 2145 617 2195 omnibus
657 2157 704 2194 et
743 2145 911 2210 boniS,
957 2161 1089 2211 quae
1128 2158 1232 2195 tam
1272 2145 1326 2195 in
1362 2158 1523 2195 castro
1551 2146 1650 2195 sito
1678 2146 1732 2196 in
1761 2146 2005 2196 comitatu
2033 2145 2378 2212 TripolitanO,
2407 2145 2554 2212 quod

371 2220 595 2269 Cracum
623 2219 823 2285 dicitur,
852 2236 1010 2285 quam
1038 2219 1092 2269 in
1120 2220 1247 2270 locis
1276 2220 1321 2270 ei
1350 2219 1701 2285 adjacentibus
1729 2221 1936 2285 habent,
1973 2220 2222 2287 primitias
2251 2231 2301 2270 et
2327 2220 2552 2270 decimas

369 2293 652 2360 praediales
680 2294 877 2344 solvere
906 2294 1122 2344 minime
1150 2307 1424 2345 teneantur
1452 2294 1628 2360 (Paoli,
1659 2295 1853 2346 Codice
1881 2295 1915 2360 I,
1944 2311 1994 2362 p.
2029 2311 2337 2361 274—275,
2366 2294 2469 2345 No.
2500 2309 2548 2359 93

369 2368 613 2433 Potthast,
643 2369 744 2418 No.
785 2369 1000 2434 15781).
2402 2366 2546 2418 1231

507 2495 538 2521 ‚‚
618 2457 779 2524 April.
815 2475 899 2523 27,
940 2457 1047 2508 ind.
1078 2459 1202 2509 XIII.
1244 2463 1439 2509 Accon.
1469 2488 1542 2494 ——
1568 2463 1745 2524 Agnes
1774 2459 1837 2509 de
1866 2459 2070 2527 Ronay,
2103 2472 2265 2509 mater
2291 2458 2552 2510 Guidonis

371 2545 419 2581 et
446 2532 668 2582 Nichole
697 2533 759 2582 de
789 2533 992 2600 Ronay,
1023 2550 1194 2583 coram
1225 2536 1524 2600 presbytero
1549 2534 1828 2599 FridericO,
1860 2534 2120 2584 Matthaeo
2148 2533 2211 2583 de
2239 2533 2476 2600 Pignano
2504 2545 2553 2583 et

370 2607 520 2657 Petro
562 2607 602 2656 F
605 2607 794 2673 rogerii
833 2609 894 2656 ab
922 2607 1119 2658 Aliotto
1153 2607 1355 2657 notario
1394 2608 1606 2675 publico
1643 2609 1705 2658 de
1733 2607 1844 2674 jure
1872 2625 1969 2658 suo
1998 2608 2179 2658 certior
2209 2607 2335 2658 facta
2361 2607 2553 2659 auxilio

372 2681 640 2731 Velleiano
667 2681 699 2745 1)
739 2681 955 2747 aliisque
985 2681 1162 2732 ceteris
1190 2682 1390 2732 auxiliis
1418 2683 1723 2733 renuntians
1752 2682 2091 2733 donationem
2118 2681 2345 2732 filiorum
2374 2698 2552 2748 supra-

371 2756 559 2805 dictam
577 2755 721 2818 (No.1
739 2756 859 2820 228)
880 2756 1151 2806 confirmat
1169 2755 1432 2820 (Delaville
1448 2758 1495 2807 16
1516 2758 1705 2821 Roulx,
1725 2774 1774 2824 p.
1791 2759 2057 2812 186—187
2074 2757 2129 2806 in
2143 2757 2244 2807 No.
2264 2757 2366 2823 83).
2403 2754 2552 2805 1232

496 2843 529 2895 1)
562 2841 614 2884 Id
637 2850 708 2885 est
731 2840 982 2885 consilium
1007 2845 1220 2894 (senatus
1245 2841 1537 2899 consultum)
1557 2840 1842 2901 Villejanum
1857 2841 1937 2896 (de
1952 2856 2050 2900 quo
2066 2840 2227 2886 videas
2241 2840 2553 2900 Digestorum

369 2898 396 2943 l.
421 2899 473 2956 II,
497 2901 525 2956 ξ
557 2900 593 2956 1)
629 2899 811 2944 factum
847 2900 1050 2946 Claudio
1087 2901 1292 2946 Caesare
1327 2916 1367 2945 a.
1390 2902 1449 2959 46
1472 2911 1584 2960 post
1607 2901 1717 2946 Chr.
1742 2910 1909 2946 natum
1932 2901 1991 2946 de
2015 2899 2389 2960 obligationibus
2413 2899 2553 2945 ferni·-

369 2973 556 3015 narum,
580 2974 703 3018 quae
726 2974 813 3018 pro
838 2959 936 3004 aliis
960 2974 1069 3006 reae
1091 2959 1225 3005 fiunt.

508 3082 537 3108 ‚,
616 3045 777 3111 April.
810 3045 1038 3110 (gallice).
1068 3074 1140 3080 —
1167 3046 1333 3096 Johan
1361 3046 1625 3112 Laleman,
1663 3047 1910 3097 dominus
1938 3047 2231 3110 Caesareae,
2273 3057 2322 3095 et
2349 3046 2552 3110 Marga-

371 3132 474 3169 reta
513 3129 673 3184 uxor,
697 3118 801 3169 filia
840 3119 970 3170 olim
1004 3120 1272 3185 Johannis,
1314 3120 1518 3170 domini
1557 3121 1619 3171 de
1661 3122 1925 3184 Caesarea,
1968 3119 2224 3187 Hospitali
2251 3119 2293 3169 L
2321 3119 2552 3169 bisantiis

371 3194 683 3244 annualibus
723 3194 884 3244 casale
925 3194 1248 3245 Chasteillon
1287 3196 1598 3260 concedunt,
1640 3196 1785 3261 quod
1813 3213 1840 3244 a
1868 3194 2096 3246 Galterio
2136 3194 2198 3244 de
2233 3192 2552 3244 Chasteillon

372 3268 499 3317 olim
539 3284 838 3335 possessum
878 3285 1074 3319 nomen
1113 3269 1320 3336 accepit,
1361 3271 1450 3319 sed
1491 3270 1814 3320 Sarracenice
1854 3282 2062 3319 vocatur
2088 3268 2135 3318 16
2166 3269 2395 3318 Meseraa
2422 3281 2471 3318 et
2497 3268 2552 3317 in

373 3342 627 3393 territorio
647 3343 924 3393 Caesareae
952 3344 1108 3393 situm
1136 3342 1330 3408 adjacet
1356 3345 1417 3393 ab
1448 3344 1643 3394 oriente
1673 3344 1822 3393 casali
1840 3342 2122 3410 Hospitalis
2150 3341 2460 3410 d'Hautefie,
2489 3343 2551 3391 ab

373 3418 639 3467 occidente
667 3417 812 3482 mari,
843 3418 979 3468 salva
1006 3417 1085 3466 via
1112 3419 1326 3482 marina,
1356 3436 1382 3467 a
1411 3419 1759 3485 septentrione
1790 3418 1937 3468 casali
1963 3417 2174 3484 Templi
2202 3416 2423 3467 Caferlet
2449 3429 2498 3466 et
2524 3433 2552 3465 a

374 3492 585 3541 meridie
606 3491 766 3541 fluvio
786 3491 961 3542 Saluh.
981 3520 1054 3527 ——
1072 3492 1369 3543 Guillaume
1389 3493 1452 3542 de
1471 3493 1798 3558 Pinqueigni,
1825 3492 2025 3559 Symon
2044 3492 2107 3541 de
2124 3491 2318 3556 TreieS,
2336 3489 2553 3541 Amauri

373 3566 436 3615 de
477 3566 527 3616 S.
558 3566 749 3630 Bertin,
780 3566 960 3616 Andre'
987 3566 1071 3616 del
1098 3568 1214 3631 BeZ,
1255 3567 1408 3633 Elyes
1437 3567 1666 3632 CharleS,
1699 3567 1865 3616 Johan
1894 3566 2115 3632 Oquede
2138 3566 2173 3630 1)
2213 3563 2477 3629 (Delaville
2504 3565 2551 3614 le

372 3639 561 3705 Roulx,
592 3657 641 3707 p.
683 3641 981 3706 185—186,
1010 3641 1111 3691 No,
1144 3643 1239 3704 82;
1284 3642 1343 3691 cf.
1372 3658 1422 3707 p.
1457 3642 1558 3707 25).
2401 3637 2550 3687 1233

498 3726 533 3771 1)
565 3724 718 3769 Alias:
740 3726 980 3783 Hoquete.

511 3842 540 3868 ‚‚
622 3802 742 3869 Maj.
783 3822 823 3869 1,
854 3804 960 3854 ind.
990 3805 1119 3855 XIII.
1158 3810 1354 3855 Accon.
1384 3832 1456 3840 —-
1483 3806 1745 3855 Johannes
1774 3805 2115 3868 AlemannuS,
2146 3803 2394 3853 dominus
2421 3803 2551 3853 Cae-

372 3894 560 3944 sareae,
581 3883 754 3928 coram
768 3879 1017 3944 Jocelino,
1034 3879 1422 3945 archiepiscopo
1437 3878 1772 3944 Caesariensi,
1792 3878 2031 3928 ecclesiae
2050 3876 2550 3944 Hierosolymitanae

372 3952 579 4018 vicario.
622 3952 875 4019 Hospitali
916 3970 1007 4019 per
1046 3970 1261 4003 manum
1300 3954 1544 4018 Hugonis
1579 3954 1737 4003 Revel
1777 3953 1950 4017 magni
1986 3952 2326 4019 praeceptoris
2355 3950 2548 4017 omnia,
