2684 4244
321 158 416 211 126
1246 150 1538 212 Regesta

2177 232 2180 233 .
2202 231 2206 234 ,

310 355 358 404 p.
393 338 528 403 333).
559 332 571 404 Η
600 337 787 386 Charta
816 348 988 384 nostra
1018 335 1118 385 fere
1147 337 1304 385 verbo
1332 348 1484 386 tenus
1513 337 1689 386 eadem
1721 351 1810 400 est,
1841 354 1999 402 quam
2026 355 2180 404 supra
2209 339 2325 402 (No.
2359 340 2479 404 292)

309 410 656 477 excerpsimus
685 409 918 473 (Langer,
945 410 976 458 l.
1008 426 1048 459 c.
1079 426 1128 476 p.
1170 411 1486 475 157—158),
2364 411 2480 461 478

411 512 576 575 1170,
606 512 711 562 ind.
732 512 810 562 III.
840 540 913 546 ——
941 511 1247 577 G(alterius),
1268 513 1505 579 princeps
1525 513 1796 578 Galilaeae,
1816 530 2074 563 consensu
2093 515 2267 564 uxoris
2285 516 2481 580 E(schi-

308 589 414 652 vae)
444 601 492 637 et
529 587 756 636 filiorum
797 585 1035 635 ecclesiae
1076 586 1125 636 S.
1156 587 1331 636 Lazari
1370 588 1432 636 de
1471 588 1752 637 Jerusalem
1779 588 1891 638 VIII
1931 589 2175 638 bisantios
2215 590 2278 639 de
2319 590 2481 640 funda

306 661 554 712 Tabariae
583 659 851 710 annuatim
878 659 1201 726 recipiendos
1230 661 1466 710 concedit
1499 674 1546 711 et
1585 662 1870 711 confirmat.
1900 690 1972 696 -—
2002 662 2064 712 G.
2096 663 2158 711 de
2185 662 2385 728 Bailoil,
2415 664 2479 715 G.

306 736 607 798 vicecomeS,
638 734 935 784 Willelmus
965 735 1305 799 marescalluS,
1338 735 1633 785 Willelmus
1661 737 1723 785 de
1753 736 1932 801 Sueca,
1975 735 2217 786 Giraldus
2245 738 2308 787 de
2337 738 2482 788 Cais-

307 811 442 860 neio.
485 810 700 859 Factum
727 807 987 857 Amalrico
1018 809 1036 858 I
1064 822 1310 874 regnante
1345 809 1606 872 (Archives
1636 811 1697 859 de
1730 810 1953 860 l’Orient
1979 810 2104 859 latin
2132 810 2172 859 II
2188 811 2245 875 B,
2275 827 2324 877 p.
2364 828 2480 878 144,

306 885 406 934 No.
441 885 535 946 263
580 883 640 932 cf.
672 881 922 947 CibrariO,
952 899 1001 949 p.
1036 884 1168 948 2363
1211 884 1456 946 Ferrand,
1487 900 1535 949 p.
1570 884 1669 949 31)·
2364 883 2482 935 479

380 987 398 1050 (
463 1024 492 1049 „
572 985 865 1048 autumno).
909 1013 983 1021 —-
1026 986 1331 1035 Conventus
1373 985 1653 1051 Hospitalis
1709 985 2060 1036 Alexandrum
2100 987 2162 1036 ΙΙΙ
2215 987 2481 1038 certiorem

306 1061 420 1110 facit
448 1062 510 1109 de
539 1059 922 1110 renuntiatione
952 1059 1172 1110 Gisberti
1202 1059 1445 1123 magistri.
1513 1060 1612 1109 Hic
1655 1060 1795 1109 enim
1834 1060 1940 1125 regi
1983 1060 2386 1127 confirmaverat,
2428 1079 2482 1113 se

307 1134 598 1199 magisterio
651 1134 886 1200 deposito
930 1134 983 1183 in
1027 1133 1359 1183 solitudinem
1409 1150 1461 1182 se
1516 1134 1738 1199 recipere
1789 1135 1944 1198 velle,
2000 1147 2048 1184 et
2090 1135 2272 1185 frustra
2313 1138 2375 1186 ab
2418 1142 2482 1188 eo

307 1209 658 1259 commonitus
698 1209 854 1274 paulo
894 1220 1009 1274 post
1047 1209 1241 1272 absque
1280 1207 1480 1256 licentia
1520 1208 1655 1273 regia
1695 1208 1860 1257 redire
1903 1209 2108 1274 paravit.
2176 1209 2483 1277 Priusquam

307 1300 428 1333 vero
456 1283 619 1347 rediit,
640 1282 834 1345 (Guido
864 1283 926 1331 de
956 1281 1201 1342 Mahone)
1235 1294 1533 1347 praeceptor
1561 1294 1608 1330 et
1636 1281 1965 1344 (Guillelmus
1993 1282 2055 1331 de
2083 1282 2334 1349 Forgia?),
2362 1300 2484 1351 pro-

308 1370 510 1407 curator
549 1356 895 1420 infirmorum,
942 1372 1062 1405 cum
1098 1356 1273 1404 multis
1301 1355 1536 1404 fratribus
1565 1372 1621 1405 ac
1648 1355 1823 1405 litteris
1851 1356 2141 1406 marescalci
2184 1357 2486 1420 (Raimundi

306 1431 593 1481 Tiberiadis
608 1431 643 1494 ?)
685 1444 732 1479 et
771 1444 1057 1479 conventus
1087 1446 1207 1479 eum
1236 1430 1488 1494 adierunt,
1519 1446 1585 1479 ne
1613 1443 1790 1479 contra
1818 1429 1898 1495 jus
1928 1430 2104 1495 fasque
2132 1431 2186 1480 in
2213 1432 2484 1498 proposito

306 1518 607 1569 remaneret,
638 1521 808 1570 neque
836 1520 957 1553 vero
986 1521 1109 1554 eum
1138 1504 1336 1553 flectere
1365 1517 1664 1570 potuerunt.
1700 1505 1862 1554 Paulo
1889 1517 2006 1571 post
2033 1518 2332 1572 praeceptor
2358 1522 2484 1556 con-

306 1581 421 1629 silio
450 1579 795 1646 procuratoris
835 1578 1182 1642 infirmorum,
1224 1579 1618 1628 castellanorum
1660 1578 1960 1643 (Garnerii?)
2001 1579 2227 1629 Gibelini
2256 1592 2303 1629 et
2329 1579 2484 1630 Belli-

307 1654 499 1704 montis
527 1670 583 1702 ac
612 1653 895 1702 multorum
916 1652 1130 1702 fratrum
1149 1652 1422 1716 (Heraclio)
1442 1653 1771 1718 patriarchae,
1792 1653 2035 1716 (Radulfo
2053 1653 2088 1717 Ι)
2106 1653 2484 1705 Bethlemitano

307 1742 353 1777 et
382 1727 678 1791 (Bernardo)
708 1727 972 1790 Liddensi,
1003 1727 1273 1793 episcopiS,
1303 1743 1511 1776 necnon
1550 1727 1716 1790 (Petro
1745 1727 1818 1792 II),
1860 1728 2027 1777 abbati
2059 1728 2200 1777 vallis
2226 1729 2483 1795 Josaphat,

306 1819 411 1851 rem
445 1802 765 1865 nuntiarunt,
786 1802 1098 1867 quibuscum
1129 1801 1236 1867 ipse
1265 1802 1327 1850 ad
1357 1818 1561 1852 caveam
1580 1801 1803 1852 Gisberti
1821 1802 2081 1868 profectus
2099 1815 2189 1867 est,
2208 1803 2297 1852 sed
2316 1819 2482 1868 quum

306 1878 496 1926 horum
526 1876 971 1926 admonitionibus
1012 1877 1222 1925 obedire
1263 1876 1529 1939 noluisset,
1570 1876 1853 1942 patriarcha
1890 1878 1987 1926 sub
2025 1876 2236 1927 vinculo
2276 1892 2484 1927 excom-

306 1945 673 2001 municationis
702 1951 747 2000 ei
776 1951 1054 2014 mandavit,
1082 1963 1138 1999 ut
1155 1950 1217 1999 ad
1238 1950 1593 2015 magisterium
1610 1951 1810 2000 rediret.
1838 1952 1993 2001 Nunc
2011 1950 2225 2017 quidem
2242 1951 2487 2018 magister

307 2042 427 2076 cum
456 2026 600 2075 dictis
629 2026 847 2074 domum
877 2041 1025 2074 suam
1054 2041 1292 2074 reversus
1320 2037 1408 2088 est,
1438 2025 1527 2073 sed
1556 2041 1722 2089 quum
1748 2025 2085 2091 subsequenti
2104 2025 2186 2075 die
2204 2025 2485 2092 patriarcha

309 2100 362 2149 in
391 2100 578 2166 palatio
607 2100 909 2165 magistrum
938 2099 1232 2148 renuntiare
1263 2112 1309 2148 et
1329 2099 1505 2148 fratres
1523 2099 1682 2149 alium
1701 2100 2003 2164 magistrum
2021 2100 2206 2165 eligere
2226 2100 2481 2166 vetuisset,

306 2175 389 2223 ille
426 2190 547 2224 cum
587 2187 918 2240 praeceptore
958 2187 1005 2223 et
1042 2174 1151 2222 aliis
1191 2173 1286 2222 sibi
1327 2172 1614 2223 faventibus
1653 2173 1892 2224 fratribus
1931 2174 2156 2224 Romam
2195 2173 2482 2241 appellavit.

306 2249 477 2298 Altera
508 2248 589 2297 die
619 2248 888 2299 Gisbertus
916 2264 1034 2298 cum
1065 2248 1429 2297 archidiacono
1457 2248 1935 2315 Hierosolymitano
1964 2262 2011 2298 et
2037 2261 2370 2315 procuratore
2397 2249 2483 2299 in-

306 2323 580 2373 firmorum
608 2340 635 2372 a
664 2323 946 2389 patriarcha
973 2323 1279 2388 petiverunt,
1323 2335 1378 2372 ut
1413 2338 1638 2388 poenam
1679 2322 2231 2373 excommunicationis
2270 2323 2483 2389 tolleret,

306 2399 394 2447 sed
415 2414 582 2463 quum
612 2398 713 2447 hoc
742 2396 941 2446 efficere
972 2413 1080 2447 non
1108 2397 1372 2463 potuisset,
1401 2397 1455 2445 in
1483 2413 1690 2446 caveam
1718 2397 1881 2447 rediit.
1912 2398 2067 2447 Nunc
2095 2397 2270 2447 fratres
2296 2397 2486 2448 iterum

308 2489 429 2522 eum
459 2472 694 2522 adierunt
722 2472 978 2537 precibUS,
1008 2484 1065 2521 ut
1089 2471 1441 2535 magisterium
1459 2471 1712 2536 retineret,
1733 2483 1780 2521 et
1796 2472 2141 2538 postularunt,
2162 2472 2288 2522 utin
2305 2471 2486 2539 pleris-

307 2563 408 2612 que
437 2561 577 2596 actus
606 2563 729 2596 suos
758 2546 1048 2611 corrigeret,
1079 2562 1144 2595 ne
1174 2546 1227 2595 in
1256 2544 1550 2595 confinibus
1567 2546 1865 2596 Turcorum
1885 2547 2083 2596 castella
2103 2546 2486 2597 etmunitiones

306 2621 601 2687 susciperet,
644 2637 708 2670 ne
749 2620 1139 2687 supervacaneis
1168 2620 1405 2686 expensis
1434 2620 1657 2670 domum
1683 2633 1912 2685 gravaret
1939 2637 2068 2670 neve
2097 2621 2224 2670 clam
2261 2620 2485 2687 capitulo

307 2708 354 2745 et
382 2695 618 2745 fratribus
647 2696 916 2760 negotium
945 2707 1190 2758 tractaret,
1221 2696 1310 2743 sed
1340 2695 1422 2743 ille
1451 2695 1734 2761 respondit,
1764 2712 1817 2744 se
1845 2696 2121 2762 pecuniam
2150 2695 2341 2746 domus
2368 2694 2485 2745 reti-

307 2786 429 2819 nere
459 2786 553 2819 nec
581 2769 809 2836 potuisse
838 2786 934 2819 nec
951 2769 1193 2835 voluisse,
1224 2781 1272 2818 et
1300 2768 1636 2833 confirmavit,
1667 2786 1695 2818 a
1721 2770 1867 2820 nullo
1894 2770 2139 2836 magistro
2166 2769 2486 2836 profusiores

307 2861 555 2911 expensas
585 2860 744 2909 quam
772 2861 799 2893 a
828 2861 880 2893 se
911 2844 1061 2893 factas
1090 2844 1262 2893 fuisse.
1305 2843 1478 2893 Frater
1506 2843 1722 2894 Pontius
1749 2845 1971 2895 Blancus
2000 2837 2186 2894 denuo*
2206 2843 2483 2909 mandavit,

307 2935 372 2968 ne
401 2919 741 2982 renunciaret,
786 2919 874 2968 sed
904 2918 987 2968 ille
1027 2935 1211 2968 omnes
1251 2918 1427 2967 fratres
1465 2921 1526 2967 ab
1568 2918 1862 2968 obedientia
1903 2919 2183 2983 absolutOS,
2228 2931 2285 2968 ut
2324 2917 2484 2968 alium

306 2993 611 3058 magistrum
638 2993 899 3058 eligerent,
937 2993 1236 3043 adhortatus
1265 3004 1341 3041 est
1368 3004 1416 3042 et
1443 2993 1533 3042 XII
1562 2993 1806 3043 electores
1834 3010 2010 3043 secum
2038 2994 2234 3043 ducens
2261 2992 2483 3058 secessit,

306 3068 398 3133 qui
437 3083 638 3118 novum
676 3067 980 3132 magistrum
1020 3068 1301 3133 elegerunt,
1343 3083 1450 3132 quo
1491 3067 1622 3117 facto
1662 3067 1835 3117 fratres
1874 3084 1993 3118 cum
2023 3067 2219 3118 Garino
2257 3066 2311 3116 in
2346 3066 2484 3133 capi-

305 3142 477 3192 tulum
516 3141 795 3204 redierunt,
852 3143 941 3191 sed
980 3159 1147 3208 quum
1186 3141 1666 3206 interrogavissent,
1707 3158 1837 3191 num
1876 3142 2253 3206 consentirent,
2298 3156 2483 3191 omnes

306 3229 591 3280 tacuerunt,
612 3216 702 3281 qui
731 3217 954 3266 aderant.
984 3217 1246 3266 Praeterea
1282 3229 1580 3283 praeceptor
1607 3233 1728 3266 curn
1757 3216 1912 3283 priori
1941 3215 2263 3280 clericorum,
2291 3231 2484 3265 mares—

307 3291 462 3355 calco,
509 3290 667 3357 priori
708 3290 942 3357 Apuliae,
982 3291 1140 3357 priori
1171 3292 1436 3340 Messanae
1464 3302 1514 3340 et
1541 3291 1688 3340 fratre
1716 3291 1864 3340 Pioto
1895 3291 2116 3339 Romam
2151 3289 2482 3356 scripserunt.

308 3365 569 3426 Quattuor
596 3381 718 3414 vero
746 3365 1008 3415 mensium
1036 3364 1199 3431 spatio
1229 3365 1521 3415 intermisso
1550 3365 1633 3414 alii
1651 3365 1825 3414 fratres
1853 3380 2053 3415 novum
2071 3363 2374 3429 magistrum
2400 3379 2484 3413 ac-

309 3451 572 3505 ceperunt,
603 3438 686 3488 alii
713 3437 1016 3504 rejecerunt,
1047 3456 1149 3504 qua
1178 3439 1240 3488 de
1269 3439 1524 3488 discordia
1551 3439 1737 3488 certior
1764 3439 1927 3488 factus
1945 3439 2214 3489 Gisbertus
2242 3439 2306 3488 de
2334 3454 2485 3488 cavea

306 3513 456 3563 rediit
484 3526 532 3563 et
560 3513 899 3578 confirmavit,
923 3531 994 3568 ,se
1034 3514 1257 3562 Romam
1297 3514 1492 3563 iturum
1531 3530 1655 3563 esse.
1709 3514 1870 3563 Paulo
1898 3525 2016 3580 post
2047 3529 2168 3563 cum
2207 3511 2393 3562 milites
2420 3513 2484 3562 de

307 3588 521 3637 Francia
548 3588 604 3637 in
620 3588 835 3637 Terram
867 3588 1107 3638 Sanctam
1135 3587 1410 3652 venissent,
1426 3589 1458 3651 1)
1490 3587 1777 3637 Amalricus
1805 3588 1824 3637 Ι
1852 3604 1937 3637 rex
1964 3586 2202 3654 precibus
2227 3586 2483 3651 (Heraclii)

307 3662 619 3728 patriarchae
674 3662 952 3726 (Bernardi)
1005 3662 1278 3711 Liddensis
1322 3675 1369 3711 et
1412 3662 1697 3728 (Raynaldi)
1736 3662 2069 3726 EbronensiS,
2113 3661 2481 3728 episcoporum

308 3753 514 3786 necnon
542 3736 733 3786 abbatis
762 3736 956 3786 Montis
982 3736 1111 3786 Sion
1139 3749 1187 3785 et
1214 3736 1397 3802 prioris
1427 3737 1477 3786 S.
1499 3736 1769 3804 Sepulchri
1796 3737 1850 3786 in
1879 3735 2164 3802 capitulum
2183 3734 2481 3802 HospitaliS,

309 3822 366 3860 ut
407 3827 588 3877 pacem
630 3811 957 3876 reformaret,
1001 3810 1262 3876 ingressus
1305 3811 1439 3860 hanc
1479 3823 1641 3861 totam
1685 3811 2059 3861 controversiae
2109 3822 2158 3860 et
2199 3808 2482 3860 discordiae

434 3940 463 3997 ¹)
487 3940 679 3984 Aestate
705 3955 718 3983 ι
736 3939 814 3983 168
833 3939 1096 3997 (Rohricht,
1114 3939 1356 3985 Amalrich
1373 3941 1405 3998 Ι,
1423 3955 1466 3998 p.
1481 3941 1583 3999 456,
1595 3939 1718 3998 486).
1816 3942 1852 3996 2>
1869 3940 1942 3984 De
1960 3954 2058 3998 quo
2077 3939 2262 3984 ZDPV.
2277 3939 2335 3997 X,
2350 3953 2395 3998 p.
2412 3939 2481 3984 26.
