<?xml version="1.0" encoding="UTF-8"?>
<!DOCTYPE html PUBLIC "-//W3C//DTD XHTML 1.0 Transitional//EN"
    "http://www.w3.org/TR/xhtml1/DTD/xhtml1-transitional.dtd">
<html xmlns="http://www.w3.org/1999/xhtml" xml:lang="en" lang="en">
 <head>
  <title>
</title>
<meta http-equiv="Content-Type" content="text/html;charset=utf-8" />
  <meta name='ocr-system' content='tesseract 3.04.00' />
  <meta name='ocr-capabilities' content='ocr_page ocr_carea ocr_par ocr_line ocrx_word'/>
</head>
<body>
  <div class='ocr_page' id='page_1' title='image "./registaregnihier00rhuoft_0391.png"; bbox 0 0 2684 4244; ppageno 0'>
   <div class='ocr_carea' id='block_1_1' title="bbox 923 131 2299 204">
    <p class='ocr_par' dir='ltr' id='par_1_1' title="bbox 923 131 2299 204">
     <span class='ocr_line' id='line_1_1' title="bbox 923 131 2299 204; baseline 0.004 -26"><span class='ocrx_word' id='word_1_1' title='bbox 923 131 1057 192; x_wconf 85' lang='lat' dir='ltr'>regni</span> <span class='ocrx_word' id='word_1_2' title='bbox 1078 131 1514 193; x_wconf 87' lang='lat' dir='ltr'>Hierosolymitani.</span> <span class='ocrx_word' id='word_1_3' title='bbox 2199 155 2224 204; x_wconf 83' lang='lat'>3</span> <span class='ocrx_word' id='word_1_4' title='bbox 2234 136 2263 188; x_wconf 87' lang='lat'>8</span> <span class='ocrx_word' id='word_1_5' title='bbox 2274 155 2299 204; x_wconf 82' lang='lat'>3</span> 
     </span>
    </p>
   </div>
   <div class='ocr_carea' id='block_1_2' title="bbox 127 316 2308 979">
    <p class='ocr_par' dir='ltr' id='par_1_2' title="bbox 127 316 2308 979">
     <span class='ocr_line' id='line_1_2' title="bbox 130 316 2302 382; baseline -0.001 -14"><span class='ocrx_word' id='word_1_6' title='bbox 130 316 360 380; x_wconf 87' lang='lat' dir='ltr'>Domini,</span> <span class='ocrx_word' id='word_1_7' title='bbox 392 318 658 381; x_wconf 88' lang='lat' dir='ltr'>Mansello,</span> <span class='ocrx_word' id='word_1_8' title='bbox 687 318 958 382; x_wconf 83' lang='lat' dir='ltr'>subpriore</span> <span class='ocrx_word' id='word_1_9' title='bbox 987 318 1418 379; x_wconf 83' lang='lat' dir='ltr'>Praedicatorum,</span> <span class='ocrx_word' id='word_1_10' title='bbox 1449 316 1741 380; x_wconf 92' lang='lat' dir='ltr'>Geleberto,</span> <span class='ocrx_word' id='word_1_11' title='bbox 1772 316 1983 366; x_wconf 90' lang='lat' dir='ltr'>custode</span> <span class='ocrx_word' id='word_1_12' title='bbox 2015 316 2302 380; x_wconf 87' lang='lat' dir='ltr'>Minorum,</span> 
     </span>
     <span class='ocr_line' id='line_1_3' title="bbox 130 390 2305 457; baseline -0.002 -15"><span class='ocrx_word' id='word_1_13' title='bbox 130 393 183 442; x_wconf 90' lang='lat' dir='ltr'>in</span> <span class='ocrx_word' id='word_1_14' title='bbox 211 392 371 441; x_wconf 92' lang='lat' dir='ltr'>domo</span> <span class='ocrx_word' id='word_1_15' title='bbox 401 392 667 453; x_wconf 88' lang='lat' dir='ltr'>(Johannis</span> <span class='ocrx_word' id='word_1_16' title='bbox 696 393 758 441; x_wconf 94' lang='lat' dir='ltr'>de</span> <span class='ocrx_word' id='word_1_17' title='bbox 789 392 1074 455; x_wconf 84' lang='lat' dir='ltr'>Montfort),</span> <span class='ocrx_word' id='word_1_18' title='bbox 1106 391 1306 440; x_wconf 92' lang='lat' dir='ltr'>domini</span> <span class='ocrx_word' id='word_1_19' title='bbox 1325 390 1592 456; x_wconf 90' lang='lat' dir='ltr'>Tyriensis</span> <span class='ocrx_word' id='word_1_20' title='bbox 1621 391 1867 454; x_wconf 84' lang='lat' dir='ltr'><strong>defuncti,</strong></span> <span class='ocrx_word' id='word_1_21' title='bbox 1898 391 2186 457; x_wconf 85' lang='lat' dir='ltr'>hospitatus</span> <span class='ocrx_word' id='word_1_22' title='bbox 2215 407 2305 457; x_wconf 90' lang='lat' dir='ltr'>per</span> 
     </span>
     <span class='ocr_line' id='line_1_4' title="bbox 129 463 2304 531; baseline 0 -17"><span class='ocrx_word' id='word_1_23' title='bbox 129 466 431 530; x_wconf 87' lang='lat' dir='ltr'>magistrum</span> <span class='ocrx_word' id='word_1_24' title='bbox 476 466 795 515; x_wconf 88' lang='lat' dir='ltr'>Richardum</span> <span class='ocrx_word' id='word_1_25' title='bbox 840 467 902 515; x_wconf 91' lang='lat' dir='ltr'>de</span> <span class='ocrx_word' id='word_1_26' title='bbox 946 466 1237 515; x_wconf 72' lang='lat' dir='ltr'>Brundusio</span> <span class='ocrx_word' id='word_1_27' title='bbox 1278 464 1401 528; x_wconf 88' lang='lat' dir='ltr'>juris</span> <span class='ocrx_word' id='word_1_28' title='bbox 1442 465 1662 530; x_wconf 89' lang='lat' dir='ltr'>peritum</span> <span class='ocrx_word' id='word_1_29' title='bbox 1708 466 2010 531; x_wconf 89' lang='lat' dir='ltr'>proclamari</span> <span class='ocrx_word' id='word_1_30' title='bbox 2054 463 2210 530; x_wconf 90' lang='lat' dir='ltr'>jubet,</span> <span class='ocrx_word' id='word_1_31' title='bbox 2251 481 2304 514; x_wconf 91' lang='lat' dir='ltr'>se</span> 
     </span>
     <span class='ocr_line' id='line_1_5' title="bbox 129 539 2305 605; baseline -0.001 -15"><span class='ocrx_word' id='word_1_32' title='bbox 129 540 491 604; x_wconf 88' lang='lat' dir='ltr'>Francogallis,</span> <span class='ocrx_word' id='word_1_33' title='bbox 537 541 627 605; x_wconf 87' lang='lat' dir='ltr'>qui</span> <span class='ocrx_word' id='word_1_34' title='bbox 672 541 885 590; x_wconf 90' lang='lat' dir='ltr'>nomine</span> <span class='ocrx_word' id='word_1_35' title='bbox 927 541 1059 605; x_wconf 88' lang='lat' dir='ltr'>regis</span> <span class='ocrx_word' id='word_1_36' title='bbox 1090 539 1287 589; x_wconf 80' lang='lat' dir='ltr'>Siciliae</span> <span class='ocrx_word' id='word_1_37' title='bbox 1329 539 1501 588; x_wconf 92' lang='lat' dir='ltr'>Caroli</span> <span class='ocrx_word' id='word_1_38' title='bbox 1522 540 1557 602; x_wconf 73' lang='grc' dir='ltr'>ὅ)</span> <span class='ocrx_word' id='word_1_39' title='bbox 1598 540 1861 589; x_wconf 92' lang='lat' dir='ltr'>castellum</span> <span class='ocrx_word' id='word_1_40' title='bbox 1902 540 2042 589; x_wconf 91' lang='lat' dir='ltr'>urbis</span> <span class='ocrx_word' id='word_1_41' title='bbox 2083 540 2305 589; x_wconf 86' lang='lat' dir='ltr'>Acconis</span> 
     </span>
     <span class='ocr_line' id='line_1_6' title="bbox 130 614 2305 679; baseline -0.001 -15"><span class='ocrx_word' id='word_1_42' title='bbox 130 616 388 678; x_wconf 87' lang='lat' dir='ltr'>tenebant,</span> <span class='ocrx_word' id='word_1_43' title='bbox 418 614 459 662; x_wconf 89' lang='lat' dir='ltr'>si</span> <span class='ocrx_word' id='word_1_44' title='bbox 488 615 661 679; x_wconf 80' lang='lat' dir='ltr'>egredi</span> <span class='ocrx_word' id='word_1_45' title='bbox 690 615 892 678; x_wconf 89' lang='lat' dir='ltr'>vellent,</span> <span class='ocrx_word' id='word_1_46' title='bbox 934 615 1254 663; x_wconf 80' lang='lat' dir='ltr'>securitatem</span> <span class='ocrx_word' id='word_1_47' title='bbox 1296 614 1609 679; x_wconf 73' lang='lat' dir='ltr'>promittere,</span> <span class='ocrx_word' id='word_1_48' title='bbox 1650 615 1738 662; x_wconf 94' lang='lat' dir='ltr'>sed</span> <span class='ocrx_word' id='word_1_49' title='bbox 1779 614 1820 662; x_wconf 92' lang='lat' dir='ltr'>si</span> <span class='ocrx_word' id='word_1_50' title='bbox 1860 630 1947 663; x_wconf 86' lang='lat' dir='ltr'>rex</span> <span class='ocrx_word' id='word_1_51' title='bbox 1986 614 2305 663; x_wconf 85' lang='lat' dir='ltr'>Francorum</span> 
     </span>
     <span class='ocr_line' id='line_1_7' title="bbox 129 687 2307 755; baseline -0.001 -17"><span class='ocrx_word' id='word_1_52' title='bbox 129 687 471 753; x_wconf 89' lang='lat' dir='ltr'>confirmaret,</span> <span class='ocrx_word' id='word_1_53' title='bbox 501 705 590 738; x_wconf 90' lang='lat' dir='ltr'>eos</span> <span class='ocrx_word' id='word_1_54' title='bbox 618 707 715 739; x_wconf 94' lang='lat' dir='ltr'>suo</span> <span class='ocrx_word' id='word_1_55' title='bbox 744 690 904 755; x_wconf 90' lang='lat' dir='ltr'>ipsius</span> <span class='ocrx_word' id='word_1_56' title='bbox 933 689 1147 738; x_wconf 89' lang='lat' dir='ltr'>nomine</span> <span class='ocrx_word' id='word_1_57' title='bbox 1177 689 1436 737; x_wconf 84' lang='lat' dir='ltr'>castellum</span> <span class='ocrx_word' id='word_1_58' title='bbox 1469 704 1749 752; x_wconf 82' lang='lat' dir='ltr'>occupasse</span> <span class='ocrx_word' id='word_1_59' title='bbox 1778 702 1825 737; x_wconf 92' lang='lat' dir='ltr'>et</span> <span class='ocrx_word' id='word_1_60' title='bbox 1853 701 2040 752; x_wconf 88' lang='lat' dir='ltr'>tenere,</span> <span class='ocrx_word' id='word_1_61' title='bbox 2069 689 2207 737; x_wconf 91' lang='lat' dir='ltr'>idem</span> <span class='ocrx_word' id='word_1_62' title='bbox 2235 688 2307 737; x_wconf 91' lang='lat' dir='ltr'>eis</span> 
     </span>
     <span class='ocr_line' id='line_1_8' title="bbox 130 762 2306 829; baseline -0 -17"><span class='ocrx_word' id='word_1_63' title='bbox 130 764 340 812; x_wconf 88' lang='lat' dir='ltr'>reddere</span> <span class='ocrx_word' id='word_1_64' title='bbox 360 763 504 828; x_wconf 92' lang='lat' dir='ltr'>velle,</span> <span class='ocrx_word' id='word_1_65' title='bbox 526 777 572 812; x_wconf 93' lang='lat' dir='ltr'>et</span> <span class='ocrx_word' id='word_1_66' title='bbox 601 780 790 813; x_wconf 91' lang='lat' dir='ltr'>novem</span> <span class='ocrx_word' id='word_1_67' title='bbox 820 763 999 828; x_wconf 82' lang='lat' dir='ltr'>sigillis</span> <span class='ocrx_word' id='word_1_68' title='bbox 1028 763 1271 829; x_wconf 90' lang='lat' dir='ltr'>appositis</span> <span class='ocrx_word' id='word_1_69' title='bbox 1300 763 1525 811; x_wconf 90' lang='lat' dir='ltr'>chartam</span> <span class='ocrx_word' id='word_1_70' title='bbox 1554 763 1740 812; x_wconf 90' lang='lat' dir='ltr'>munit.</span> <span class='ocrx_word' id='word_1_71' title='bbox 1761 791 1828 797; x_wconf 98' lang='lat'>—</span> <span class='ocrx_word' id='word_1_72' title='bbox 1852 762 2028 812; x_wconf 91' lang='lat' dir='ltr'>Guido</span> <span class='ocrx_word' id='word_1_73' title='bbox 2058 764 2306 826; x_wconf 82' lang='lat' dir='ltr'>Burgun-</span> 
     </span>
     <span class='ocr_line' id='line_1_9' title="bbox 130 836 2298 904; baseline -0 -17"><span class='ocrx_word' id='word_1_74' title='bbox 130 838 227 887; x_wconf 89' lang='lat' dir='ltr'>dus</span> <span class='ocrx_word' id='word_1_75' title='bbox 255 838 318 887; x_wconf 89' lang='lat' dir='ltr'>de</span> <span class='ocrx_word' id='word_1_76' title='bbox 348 838 397 887; x_wconf 87' lang='lat' dir='ltr'>S.</span> <span class='ocrx_word' id='word_1_77' title='bbox 420 838 758 903; x_wconf 88' lang='lat' dir='ltr'>Leodegario,</span> <span class='ocrx_word' id='word_1_78' title='bbox 789 838 1018 888; x_wconf 89' lang='lat' dir='ltr'>notarius</span> <span class='ocrx_word' id='word_1_79' title='bbox 1046 837 1302 904; x_wconf 90' lang='lat' dir='ltr'>publicus,</span> <span class='ocrx_word' id='word_1_80' title='bbox 1333 837 1531 903; x_wconf 89' lang='lat' dir='ltr'>scripsit</span> <span class='ocrx_word' id='word_1_81' title='bbox 1560 836 1654 899; x_wconf 81' lang='lat' dir='ltr'>(De</span> <span class='ocrx_word' id='word_1_82' title='bbox 1686 838 1796 886; x_wconf 91' lang='lat' dir='ltr'>Mas</span> <span class='ocrx_word' id='word_1_83' title='bbox 1824 837 1990 886; x_wconf 90' lang='lat' dir='ltr'>Latrie</span> <span class='ocrx_word' id='word_1_84' title='bbox 2021 837 2099 902; x_wconf 93' lang='lat' dir='ltr'>III,</span> <span class='ocrx_word' id='word_1_85' title='bbox 2130 854 2179 903; x_wconf 92' lang='lat' dir='ltr'>p.</span> <span class='ocrx_word' id='word_1_86' title='bbox 2202 838 2298 890; x_wconf 87' lang='lat'>671</span> 
     </span>
     <span class='ocr_line' id='line_1_10' title="bbox 127 909 2308 979; baseline -0.002 -17"><span class='ocrx_word' id='word_1_87' title='bbox 127 913 338 977; x_wconf 81' lang='lat'><strong>—6733</strong></span> <span class='ocrx_word' id='word_1_88' title='bbox 383 911 443 961; x_wconf 89' lang='lat' dir='ltr'>cf.</span> <span class='ocrx_word' id='word_1_89' title='bbox 475 912 509 975; x_wconf 99' lang='grc' dir='ltr'>Ι,</span> <span class='ocrx_word' id='word_1_90' title='bbox 540 929 587 979; x_wconf 90' lang='lat' dir='ltr'>p.</span> <span class='ocrx_word' id='word_1_91' title='bbox 615 913 942 978; x_wconf 87' lang='lat'><strong>477—480).</strong></span> <span class='ocrx_word' id='word_1_92' title='bbox 2158 909 2308 958; x_wconf 89' lang='grc'>1466</span> 
     </span>
    </p>
   </div>
   <div class='ocr_carea' id='block_1_3' title="bbox 128 1000 482 1006">
    <p class='ocr_par' dir='ltr' id='par_1_3' title="bbox 128 1000 482 1006">
     <span class='ocr_line' id='line_1_11' title="bbox 128 1000 482 1006; baseline 0 0"><span class='ocrx_word' id='word_1_93' title='bbox 128 1000 482 1006; x_wconf 95' lang='lat' dir='ltr'> </span> 
     </span>
    </p>
   </div>
   <div class='ocr_carea' id='block_1_4' title="bbox 129 1025 2312 1563">
    <p class='ocr_par' dir='ltr' id='par_1_4' title="bbox 129 1025 2312 1563">
     <span class='ocr_line' id='line_1_12' title="bbox 129 1025 2309 1084; baseline 0 -16"><span class='ocrx_word' id='word_1_94' title='bbox 129 1040 173 1084; x_wconf 91' lang='lat' dir='ltr'>p.</span> <span class='ocrx_word' id='word_1_95' title='bbox 197 1025 274 1082; x_wconf 95' lang='grc'>60,</span> <span class='ocrx_word' id='word_1_96' title='bbox 298 1025 389 1069; x_wconf 92' lang='lat' dir='ltr'>No.</span> <span class='ocrx_word' id='word_1_97' title='bbox 415 1041 437 1069; x_wconf 88' lang='lat'><strong>2</strong></span> <span class='ocrx_word' id='word_1_98' title='bbox 473 1026 521 1081; x_wconf 81' lang='lat'>8)</span> <span class='ocrx_word' id='word_1_99' title='bbox 555 1026 750 1071; x_wconf 91' lang='lat' dir='ltr'>nomine</span> <span class='ocrx_word' id='word_1_100' title='bbox 774 1026 966 1072; x_wconf 89' lang='lat' dir='ltr'>Rudolfi</span> <span class='ocrx_word' id='word_1_101' title='bbox 990 1027 1021 1084; x_wconf 95' lang='grc' dir='ltr'>Ι,</span> <span class='ocrx_word' id='word_1_102' title='bbox 1056 1026 1179 1084; x_wconf 84' lang='lat' dir='ltr'>regis</span> <span class='ocrx_word' id='word_1_103' title='bbox 1203 1025 1512 1070; x_wconf 87' lang='lat' dir='ltr'>Alemanniae</span> <span class='ocrx_word' id='word_1_104' title='bbox 1548 1025 1814 1083; x_wconf 87' lang='lat' dir='ltr'>(Perlbach,</span> <span class='ocrx_word' id='word_1_105' title='bbox 1845 1026 2033 1070; x_wconf 88' lang='lat' dir='ltr'>Preuss.</span> <span class='ocrx_word' id='word_1_106' title='bbox 2058 1025 2309 1083; x_wconf 84' lang='lat' dir='ltr'>Regesten,</span> 
     </span>
     <span class='ocr_line' id='line_1_13' title="bbox 130 1085 2309 1146; baseline -0.001 -16"><span class='ocrx_word' id='word_1_107' title='bbox 130 1085 219 1130; x_wconf 89' lang='lat' dir='ltr'>No.</span> <span class='ocrx_word' id='word_1_108' title='bbox 253 1100 355 1144; x_wconf 83' lang='lat'>1031</span> <span class='ocrx_word' id='word_1_109' title='bbox 377 1098 388 1141; x_wconf 89' lang='grc'>,</span> <span class='ocrx_word' id='word_1_110' title='bbox 475 1086 669 1143; x_wconf 86' lang='lat' dir='ltr'>otthast,</span> <span class='ocrx_word' id='word_1_111' title='bbox 694 1087 784 1132; x_wconf 93' lang='lat' dir='ltr'>No.</span> <span class='ocrx_word' id='word_1_112' title='bbox 810 1103 861 1131; x_wconf 89' lang='lat'>22</span> <span class='ocrx_word' id='word_1_113' title='bbox 879 1101 994 1146; x_wconf 79' lang='grc'>934,</span> <span class='ocrx_word' id='word_1_114' title='bbox 1039 1087 1096 1131; x_wconf 89' lang='lat' dir='ltr'>cf.</span> <span class='ocrx_word' id='word_1_115' title='bbox 1121 1086 1460 1142; x_wconf 74' lang='lat' dir='ltr'>Actenstiicke,</span> <span class='ocrx_word' id='word_1_116' title='bbox 1484 1086 1574 1129; x_wconf 93' lang='lat' dir='ltr'>No.</span> <span class='ocrx_word' id='word_1_117' title='bbox 1602 1100 1623 1143; x_wconf 82' lang='lat'>3</span> <span class='ocrx_word' id='word_1_118' title='bbox 1659 1100 1700 1144; x_wconf 85' lang='lat'>9,</span> <span class='ocrx_word' id='word_1_119' title='bbox 1726 1095 1853 1145; x_wconf 82' lang='lat'>343);</span> <span class='ocrx_word' id='word_1_120' title='bbox 1878 1085 1989 1129; x_wconf 90' lang='lat' dir='ltr'>alias</span> <span class='ocrx_word' id='word_1_121' title='bbox 2015 1085 2199 1129; x_wconf 89' lang='lat' dir='ltr'>chartas</span> <span class='ocrx_word' id='word_1_122' title='bbox 2223 1099 2309 1128; x_wconf 89' lang='lat' dir='ltr'>an-</span> 
     </span>
     <span class='ocr_line' id='line_1_14' title="bbox 130 1101 2309 1205; baseline -0.001 -15"><span class='ocrx_word' id='word_1_123' title='bbox 130 1159 307 1190; x_wconf 90' lang='lat' dir='ltr'>norum</span> <span class='ocrx_word' id='word_1_124' title='bbox 340 1144 448 1189; x_wconf 85' lang='grc'>1288</span> <span class='ocrx_word' id='word_1_125' title='bbox 466 1172 515 1177; x_wconf 94' lang='grc'><strong>-</strong></span> <span class='ocrx_word' id='word_1_126' title='bbox 542 1161 651 1205; x_wconf 90' lang='grc'>1290</span> <span class='ocrx_word' id='word_1_127' title='bbox 673 1146 833 1190; x_wconf 88' lang='lat' dir='ltr'>videas</span> <span class='ocrx_word' id='word_1_128' title='bbox 858 1147 904 1191; x_wconf 89' lang='lat' dir='ltr'>in</span> <span class='ocrx_word' id='word_1_129' title='bbox 926 1149 1061 1191; x_wconf 89' lang='lat' dir='ltr'>Hess.</span> <span class='ocrx_word' id='word_1_130' title='bbox 1088 1146 1416 1202; x_wconf 85' lang='lat' dir='ltr'>Urkundenb.,</span> <span class='ocrx_word' id='word_1_131' title='bbox 1451 1146 1541 1189; x_wconf 92' lang='lat' dir='ltr'>No.</span> <span class='ocrx_word' id='word_1_132' title='bbox 1568 1101 1679 1204; x_wconf 64' lang='grc'>508,</span> <span class='ocrx_word' id='word_1_133' title='bbox 1723 1145 1971 1200; x_wconf 87' lang='lat' dir='ltr'>Perlbach,</span> <span class='ocrx_word' id='word_1_134' title='bbox 2005 1146 2192 1189; x_wconf 87' lang='lat' dir='ltr'>Preuss.</span> <span class='ocrx_word' id='word_1_135' title='bbox 2218 1145 2309 1188; x_wconf 87' lang='lat' dir='ltr'>Re—</span> 
     </span>
     <span class='ocr_line' id='line_1_15' title="bbox 130 1204 2312 1264; baseline 0 -16"><span class='ocrx_word' id='word_1_136' title='bbox 130 1215 313 1262; x_wconf 71' lang='lat' dir='ltr'>gesten,</span> <span class='ocrx_word' id='word_1_137' title='bbox 337 1205 427 1248; x_wconf 91' lang='lat' dir='ltr'>No.</span> <span class='ocrx_word' id='word_1_138' title='bbox 461 1207 594 1264; x_wconf 81' lang='grc'>1654,</span> <span class='ocrx_word' id='word_1_139' title='bbox 635 1206 756 1250; x_wconf 92' lang='lat' dir='ltr'>Cod.</span> <span class='ocrx_word' id='word_1_140' title='bbox 782 1206 977 1264; x_wconf 88' lang='lat' dir='ltr'>diplom.</span> <span class='ocrx_word' id='word_1_141' title='bbox 1003 1207 1210 1250; x_wconf 92' lang='lat' dir='ltr'>Lubecc.</span> <span class='ocrx_word' id='word_1_142' title='bbox 1234 1206 1322 1262; x_wconf 86' lang='lat' dir='ltr'>IA,</span> <span class='ocrx_word' id='word_1_143' title='bbox 1352 1220 1396 1263; x_wconf 90' lang='lat' dir='ltr'>p.</span> <span class='ocrx_word' id='word_1_144' title='bbox 1420 1205 1672 1264; x_wconf 82' lang='lat'>489—490,</span> <span class='ocrx_word' id='word_1_145' title='bbox 1693 1219 1807 1264; x_wconf 87' lang='grc'>494,</span> <span class='ocrx_word' id='word_1_146' title='bbox 1848 1207 2006 1263; x_wconf 85' lang='lat' dir='ltr'>Kopp,</span> <span class='ocrx_word' id='word_1_147' title='bbox 2032 1204 2201 1248; x_wconf 91' lang='lat' dir='ltr'>Gesch.</span> <span class='ocrx_word' id='word_1_148' title='bbox 2228 1205 2312 1248; x_wconf 90' lang='lat' dir='ltr'>der</span> 
     </span>
     <span class='ocr_line' id='line_1_16' title="bbox 133 1263 2311 1325; baseline -0.001 -16"><span class='ocrx_word' id='word_1_149' title='bbox 133 1264 405 1322; x_wconf 73' lang='lat' dir='ltr'>eidgenoss.</span> <span class='ocrx_word' id='word_1_150' title='bbox 422 1265 592 1309; x_wconf 76' lang='lat' dir='ltr'>Bunde</span> <span class='ocrx_word' id='word_1_151' title='bbox 616 1266 703 1323; x_wconf 87' lang='lat' dir='ltr'>IA,</span> <span class='ocrx_word' id='word_1_152' title='bbox 721 1280 764 1323; x_wconf 90' lang='lat' dir='ltr'>p.</span> <span class='ocrx_word' id='word_1_153' title='bbox 781 1268 883 1325; x_wconf 86' lang='grc'>768,</span> <span class='ocrx_word' id='word_1_154' title='bbox 901 1277 999 1311; x_wconf 88' lang='grc'>1101.</span> <span class='ocrx_word' id='word_1_155' title='bbox 1018 1279 1057 1323; x_wconf 90' lang='grc'>2,</span> <span class='ocrx_word' id='word_1_156' title='bbox 1082 1265 1374 1309; x_wconf 85' lang='lat' dir='ltr'>Entdeckter</span> <span class='ocrx_word' id='word_1_157' title='bbox 1389 1265 1638 1322; x_wconf 77' lang='lat' dir='ltr'>Ungmnd,</span> <span class='ocrx_word' id='word_1_158' title='bbox 1653 1265 1743 1309; x_wconf 91' lang='lat' dir='ltr'>No.</span> <span class='ocrx_word' id='word_1_159' title='bbox 1761 1266 1813 1322; x_wconf 83' lang='lat'>65</span> <span class='ocrx_word' id='word_1_160' title='bbox 1832 1266 1974 1323; x_wconf 77' lang='lat' dir='ltr'>a—o&#39;f,</span> <span class='ocrx_word' id='word_1_161' title='bbox 1996 1268 2022 1307; x_wconf 91' lang='lat' dir='ltr'>b</span> <span class='ocrx_word' id='word_1_162' title='bbox 2047 1263 2311 1320; x_wconf 76' lang='lat' dir='ltr'>(Robricht,</span> 
     </span>
     <span class='ocr_line' id='line_1_17' title="bbox 131 1323 2310 1385; baseline 0 -18"><span class='ocrx_word' id='word_1_163' title='bbox 131 1323 271 1368; x_wconf 90' lang='lat' dir='ltr'>Beitr.</span> <span class='ocrx_word' id='word_1_164' title='bbox 286 1323 338 1380; x_wconf 92' lang='grc' dir='ltr'>ΙΙ,</span> <span class='ocrx_word' id='word_1_165' title='bbox 352 1338 395 1382; x_wconf 88' lang='lat' dir='ltr'>p.</span> <span class='ocrx_word' id='word_1_166' title='bbox 413 1324 688 1384; x_wconf 80' lang='lat'>384—385);</span> <span class='ocrx_word' id='word_1_167' title='bbox 713 1341 753 1370; x_wconf 89' lang='lat' dir='ltr'>v.</span> <span class='ocrx_word' id='word_1_168' title='bbox 770 1327 1037 1384; x_wconf 83' lang='lat' dir='ltr'>Pettenegg</span> <span class='ocrx_word' id='word_1_169' title='bbox 1051 1326 1083 1383; x_wconf 95' lang='grc' dir='ltr'>Ι,</span> <span class='ocrx_word' id='word_1_170' title='bbox 1098 1340 1140 1383; x_wconf 88' lang='lat' dir='ltr'>p.</span> <span class='ocrx_word' id='word_1_171' title='bbox 1164 1341 1260 1385; x_wconf 84' lang='lat'>173,</span> <span class='ocrx_word' id='word_1_172' title='bbox 1275 1325 1469 1383; x_wconf 89' lang='grc' dir='ltr'>Νο.671,</span> <span class='ocrx_word' id='word_1_173' title='bbox 1484 1324 1619 1368; x_wconf 86' lang='lat' dir='ltr'>infra:</span> <span class='ocrx_word' id='word_1_174' title='bbox 1636 1340 1688 1383; x_wconf 79' lang='lat'>23</span> <span class='ocrx_word' id='word_1_175' title='bbox 1705 1325 1820 1368; x_wconf 90' lang='lat' dir='ltr'>Dec.</span> <span class='ocrx_word' id='word_1_176' title='bbox 1833 1339 1844 1367; x_wconf 89' lang='lat'>1</span> <span class='ocrx_word' id='word_1_177' title='bbox 1857 1324 1953 1384; x_wconf 88' lang='grc'>289.</span> <span class='ocrx_word' id='word_1_178' title='bbox 2035 1327 2072 1379; x_wconf 70' lang='lat' dir='ltr'>ss)</span> <span class='ocrx_word' id='word_1_179' title='bbox 2089 1325 2310 1379; x_wconf 90' lang='lat' dir='ltr'>Quorum</span> 
     </span>
     <span class='ocr_line' id='line_1_18' title="bbox 131 1383 2309 1445; baseline -0 -18"><span class='ocrx_word' id='word_1_180' title='bbox 131 1385 227 1428; x_wconf 84' lang='lat' dir='ltr'>dux</span> <span class='ocrx_word' id='word_1_181' title='bbox 249 1394 449 1428; x_wconf 88' lang='lat' dir='ltr'>vocatur</span> <span class='ocrx_word' id='word_1_182' title='bbox 470 1385 640 1429; x_wconf 91' lang='lat' dir='ltr'>Heude</span> <span class='ocrx_word' id='word_1_183' title='bbox 664 1386 917 1430; x_wconf 88' lang='lat' dir='ltr'>Pelechien</span> <span class='ocrx_word' id='word_1_184' title='bbox 940 1388 1131 1441; x_wconf 83' lang='lat' dir='ltr'>(Gestes</span> <span class='ocrx_word' id='word_1_185' title='bbox 1156 1387 1198 1428; x_wconf 93' lang='lat' dir='ltr'>d.</span> <span class='ocrx_word' id='word_1_186' title='bbox 1216 1384 1471 1445; x_wconf 81' lang='lat' dir='ltr'>ChyproiS,</span> <span class='ocrx_word' id='word_1_187' title='bbox 1494 1399 1538 1442; x_wconf 91' lang='lat' dir='ltr'>p.</span> <span class='ocrx_word' id='word_1_188' title='bbox 1565 1400 1664 1442; x_wconf 91' lang='lat'>214,</span> <span class='ocrx_word' id='word_1_189' title='bbox 1690 1397 1788 1443; x_wconf 86' lang='grc'>219,</span> <span class='ocrx_word' id='word_1_190' title='bbox 1813 1383 1870 1428; x_wconf 89' lang='lat' dir='ltr'>cf.</span> <span class='ocrx_word' id='word_1_191' title='bbox 1895 1383 2102 1440; x_wconf 83' lang='lat' dir='ltr'>Eracles,</span> <span class='ocrx_word' id='word_1_192' title='bbox 2126 1398 2168 1442; x_wconf 89' lang='lat' dir='ltr'>p.</span> <span class='ocrx_word' id='word_1_193' title='bbox 2186 1386 2309 1442; x_wconf 83' lang='lat'><strong>479).</strong></span> 
     </span>
     <span class='ocr_line' id='line_1_19' title="bbox 132 1442 2311 1504; baseline -0 -17"><span class='ocrx_word' id='word_1_194' title='bbox 132 1442 393 1488; x_wconf 83' lang='lat' dir='ltr'>Castellum</span> <span class='ocrx_word' id='word_1_195' title='bbox 424 1459 479 1503; x_wconf 87' lang='lat'>30</span> <span class='ocrx_word' id='word_1_196' title='bbox 502 1445 606 1488; x_wconf 86' lang='lat' dir='ltr'><strong>Jun.</strong></span> <span class='ocrx_word' id='word_1_197' title='bbox 638 1445 748 1490; x_wconf 84' lang='lat'>1286</span> <span class='ocrx_word' id='word_1_198' title='bbox 770 1445 979 1490; x_wconf 86' lang='lat' dir='ltr'>Henrico</span> <span class='ocrx_word' id='word_1_199' title='bbox 1004 1446 1055 1502; x_wconf 90' lang='grc' dir='ltr'>ΙΙ,</span> <span class='ocrx_word' id='word_1_200' title='bbox 1078 1444 1179 1503; x_wconf 85' lang='lat' dir='ltr'>regi</span> <span class='ocrx_word' id='word_1_201' title='bbox 1203 1445 1364 1504; x_wconf 82' lang='lat' dir='ltr'>Cypri,</span> <span class='ocrx_word' id='word_1_202' title='bbox 1389 1445 1614 1489; x_wconf 86' lang='lat' dir='ltr'>traditum</span> <span class='ocrx_word' id='word_1_203' title='bbox 1639 1455 1724 1502; x_wconf 90' lang='lat' dir='ltr'>est,</span> <span class='ocrx_word' id='word_1_204' title='bbox 1749 1443 1830 1502; x_wconf 87' lang='lat' dir='ltr'>qui</span> <span class='ocrx_word' id='word_1_205' title='bbox 1860 1460 1905 1503; x_wconf 88' lang='lat'>15</span> <span class='ocrx_word' id='word_1_206' title='bbox 1931 1446 2054 1502; x_wconf 85' lang='lat' dir='ltr'>Aug.</span> <span class='ocrx_word' id='word_1_207' title='bbox 2079 1444 2196 1503; x_wconf 85' lang='lat' dir='ltr'>Tyri</span> <span class='ocrx_word' id='word_1_208' title='bbox 2231 1457 2311 1487; x_wconf 82' lang='lat' dir='ltr'>rex</span> 
     </span>
     <span class='ocr_line' id='line_1_20' title="bbox 129 1502 1498 1563; baseline 0 -16"><span class='ocrx_word' id='word_1_209' title='bbox 129 1502 597 1563; x_wconf 86' lang='lat' dir='ltr'>Hierosolymitanus</span> <span class='ocrx_word' id='word_1_210' title='bbox 623 1516 884 1549; x_wconf 86' lang='lat' dir='ltr'>coronatus</span> <span class='ocrx_word' id='word_1_211' title='bbox 909 1516 979 1549; x_wconf 90' lang='lat' dir='ltr'>est</span> <span class='ocrx_word' id='word_1_212' title='bbox 1002 1505 1133 1561; x_wconf 84' lang='lat' dir='ltr'>(ibid.</span> <span class='ocrx_word' id='word_1_213' title='bbox 1159 1519 1202 1563; x_wconf 94' lang='lat' dir='ltr'>p.</span> <span class='ocrx_word' id='word_1_214' title='bbox 1229 1506 1498 1563; x_wconf 87' lang='grc'>219-220).</span> 
     </span>
    </p>
   </div>
   <div class='ocr_carea' id='block_1_5' title="bbox 131 1581 2319 2547">
    <p class='ocr_par' dir='ltr' id='par_1_5' title="bbox 131 1581 2319 2547">
     <span class='ocr_line' id='line_1_21' title="bbox 211 1581 2311 1651; baseline 0 -21"><span class='ocrx_word' id='word_1_215' title='bbox 211 1581 361 1631; x_wconf 87' lang='grc'>1286</span> <span class='ocrx_word' id='word_1_216' title='bbox 390 1583 575 1634; x_wconf 91' lang='lat' dir='ltr'>Octob.</span> <span class='ocrx_word' id='word_1_217' title='bbox 619 1586 675 1634; x_wconf 84' lang='lat'>16</span> <span class='ocrx_word' id='word_1_218' title='bbox 709 1585 829 1650; x_wconf 87' lang='lat'>(17),</span> <span class='ocrx_word' id='word_1_219' title='bbox 859 1586 965 1635; x_wconf 92' lang='lat' dir='ltr'>ind.</span> <span class='ocrx_word' id='word_1_220' title='bbox 988 1586 1098 1635; x_wconf 93' lang='lat' dir='ltr'>XV.</span> <span class='ocrx_word' id='word_1_221' title='bbox 1135 1590 1313 1635; x_wconf 90' lang='lat' dir='ltr'>Accon</span> <span class='ocrx_word' id='word_1_222' title='bbox 1342 1585 1395 1635; x_wconf 92' lang='lat' dir='ltr'>in</span> <span class='ocrx_word' id='word_1_223' title='bbox 1424 1586 1586 1634; x_wconf 94' lang='lat' dir='ltr'>domo</span> <span class='ocrx_word' id='word_1_224' title='bbox 1616 1583 1911 1651; x_wconf 91' lang='lat' dir='ltr'>episcopali,</span> <span class='ocrx_word' id='word_1_225' title='bbox 1942 1582 2030 1633; x_wconf 92' lang='lat' dir='ltr'>ubi</span> <span class='ocrx_word' id='word_1_226' title='bbox 2058 1582 2167 1647; x_wconf 88' lang='lat' dir='ltr'>jura</span> <span class='ocrx_word' id='word_1_227' title='bbox 2196 1583 2311 1632; x_wconf 90' lang='lat' dir='ltr'>red-</span> 
     </span>
     <span class='ocr_line' id='line_1_22' title="bbox 131 1657 2311 1725; baseline -0 -18"><span class='ocrx_word' id='word_1_228' title='bbox 131 1659 343 1708; x_wconf 90' lang='lat' dir='ltr'>duntur.</span> <span class='ocrx_word' id='word_1_229' title='bbox 379 1687 445 1693; x_wconf 89' lang='lat'>—</span> <span class='ocrx_word' id='word_1_230' title='bbox 470 1659 898 1709; x_wconf 85' lang='lat' dir='ltr'>Bartholomaeus</span> <span class='ocrx_word' id='word_1_231' title='bbox 918 1661 980 1709; x_wconf 91' lang='lat' dir='ltr'>de</span> <span class='ocrx_word' id='word_1_232' title='bbox 999 1660 1182 1725; x_wconf 86' lang='lat' dir='ltr'>Biblio,</span> <span class='ocrx_word' id='word_1_233' title='bbox 1203 1659 1337 1710; x_wconf 92' lang='lat' dir='ltr'>filius</span> <span class='ocrx_word' id='word_1_234' title='bbox 1367 1660 1632 1725; x_wconf 87' lang='lat' dir='ltr'>quondam</span> <span class='ocrx_word' id='word_1_235' title='bbox 1655 1659 1919 1708; x_wconf 85' lang='lat' dir='ltr'>Bertrandi</span> <span class='ocrx_word' id='word_1_236' title='bbox 1955 1659 2017 1707; x_wconf 93' lang='lat' dir='ltr'>de</span> <span class='ocrx_word' id='word_1_237' title='bbox 2044 1657 2229 1721; x_wconf 81' lang='lat' dir='ltr'>Biblio,</span> <span class='ocrx_word' id='word_1_238' title='bbox 2259 1675 2311 1706; x_wconf 91' lang='lat' dir='ltr'>se</span> 
     </span>
     <span class='ocr_line' id='line_1_23' title="bbox 132 1732 2310 1801; baseline 0 -20"><span class='ocrx_word' id='word_1_239' title='bbox 132 1732 315 1782; x_wconf 91' lang='lat' dir='ltr'>domui</span> <span class='ocrx_word' id='word_1_240' title='bbox 343 1733 796 1784; x_wconf 90' lang='lat' dir='ltr'>Theutonicorum</span> <span class='ocrx_word' id='word_1_241' title='bbox 831 1751 1090 1784; x_wconf 88' lang='lat' dir='ltr'>summam</span> <span class='ocrx_word' id='word_1_242' title='bbox 1119 1735 1385 1801; x_wconf 91' lang='lat' dir='ltr'>pecuniae,</span> <span class='ocrx_word' id='word_1_243' title='bbox 1416 1750 1575 1801; x_wconf 87' lang='lat' dir='ltr'>quam</span> <span class='ocrx_word' id='word_1_244' title='bbox 1605 1735 1833 1797; x_wconf 84' lang='lat' dir='ltr'>debebat,</span> <span class='ocrx_word' id='word_1_245' title='bbox 1873 1748 2046 1782; x_wconf 87' lang='lat' dir='ltr'>coram</span> <span class='ocrx_word' id='word_1_246' title='bbox 2075 1732 2310 1796; x_wconf 90' lang='lat' dir='ltr'>Nicolao,</span> 
     </span>
     <span class='ocr_line' id='line_1_24' title="bbox 131 1807 2313 1876; baseline -0 -20"><span class='ocrx_word' id='word_1_247' title='bbox 131 1807 496 1858; x_wconf 87' lang='lat' dir='ltr'>archidiacono</span> <span class='ocrx_word' id='word_1_248' title='bbox 511 1810 818 1874; x_wconf 92' lang='lat' dir='ltr'>Acconensi,</span> <span class='ocrx_word' id='word_1_249' title='bbox 830 1809 1035 1859; x_wconf 86' lang='lat' dir='ltr'>officiali</span> <span class='ocrx_word' id='word_1_250' title='bbox 1050 1810 1260 1876; x_wconf 90' lang='lat' dir='ltr'>Helyae,</span> <span class='ocrx_word' id='word_1_251' title='bbox 1278 1809 1590 1876; x_wconf 84' lang='lat' dir='ltr'>patriarchae</span> <span class='ocrx_word' id='word_1_252' title='bbox 1606 1807 2080 1874; x_wconf 89' lang='lat' dir='ltr'>Hierosolymitani,</span> <span class='ocrx_word' id='word_1_253' title='bbox 2092 1807 2313 1856; x_wconf 88' lang='lat' dir='ltr'>ministri</span> 
     </span>
     <span class='ocr_line' id='line_1_25' title="bbox 132 1882 2312 1950; baseline -0.001 -18"><span class='ocrx_word' id='word_1_254' title='bbox 132 1882 370 1932; x_wconf 85' lang='lat' dir='ltr'>ecclesiae</span> <span class='ocrx_word' id='word_1_255' title='bbox 410 1884 729 1933; x_wconf 90' lang='lat' dir='ltr'>Acconensis</span> <span class='ocrx_word' id='word_1_256' title='bbox 770 1897 818 1934; x_wconf 93' lang='lat' dir='ltr'>et</span> <span class='ocrx_word' id='word_1_257' title='bbox 858 1884 907 1933; x_wconf 87' lang='lat' dir='ltr'>S.</span> <span class='ocrx_word' id='word_1_258' title='bbox 940 1889 1000 1933; x_wconf 83' lang='lat' dir='ltr'>A.</span> <span class='ocrx_word' id='word_1_259' title='bbox 1030 1884 1196 1949; x_wconf 88' lang='lat' dir='ltr'>legati,</span> <span class='ocrx_word' id='word_1_260' title='bbox 1238 1901 1330 1950; x_wconf 91' lang='lat' dir='ltr'>per</span> <span class='ocrx_word' id='word_1_261' title='bbox 1370 1884 1613 1934; x_wconf 90' lang='lat' dir='ltr'>nuntium</span> <span class='ocrx_word' id='word_1_262' title='bbox 1644 1896 1693 1933; x_wconf 92' lang='lat' dir='ltr'>et</span> <span class='ocrx_word' id='word_1_263' title='bbox 1729 1895 2114 1949; x_wconf 90' lang='lat' dir='ltr'>procuratorem</span> <span class='ocrx_word' id='word_1_264' title='bbox 2155 1898 2312 1931; x_wconf 91' lang='lat' dir='ltr'>suum</span> 
     </span>
     <span class='ocr_line' id='line_1_26' title="bbox 132 1951 2315 2024; baseline -0 -18"><span class='ocrx_word' id='word_1_265' title='bbox 132 1951 434 2024; x_wconf 84' lang='lat' dir='ltr'>Symonem,</span> <span class='ocrx_word' id='word_1_266' title='bbox 454 1958 875 2008; x_wconf 87' lang='lat' dir='ltr'>archidiaconum</span> <span class='ocrx_word' id='word_1_267' title='bbox 896 1959 1321 2023; x_wconf 89' lang='lat' dir='ltr'>Anteradensem,</span> <span class='ocrx_word' id='word_1_268' title='bbox 1352 1959 1542 2008; x_wconf 90' lang='lat' dir='ltr'>scilicet</span> <span class='ocrx_word' id='word_1_269' title='bbox 1559 1959 1599 2008; x_wconf 91' lang='lat' dir='ltr'>J.</span> <span class='ocrx_word' id='word_1_270' title='bbox 1622 1959 1683 2007; x_wconf 92' lang='lat' dir='ltr'>de</span> <span class='ocrx_word' id='word_1_271' title='bbox 1705 1956 1965 2021; x_wconf 87' lang='lat' dir='ltr'>Wacholt,</span> <span class='ocrx_word' id='word_1_272' title='bbox 1995 1957 2315 2023; x_wconf 87' lang='lat' dir='ltr'>procuratori</span> 
     </span>
     <span class='ocr_line' id='line_1_27' title="bbox 131 2030 2317 2099; baseline -0.001 -18"><span class='ocrx_word' id='word_1_273' title='bbox 131 2046 179 2081; x_wconf 94' lang='lat' dir='ltr'>et</span> <span class='ocrx_word' id='word_1_274' title='bbox 196 2032 413 2098; x_wconf 89' lang='lat' dir='ltr'>syndico</span> <span class='ocrx_word' id='word_1_275' title='bbox 432 2032 593 2082; x_wconf 87' lang='lat' dir='ltr'>dictae</span> <span class='ocrx_word' id='word_1_276' title='bbox 613 2034 819 2098; x_wconf 83' lang='lat' dir='ltr'>domuS,</span> <span class='ocrx_word' id='word_1_277' title='bbox 841 2034 1154 2099; x_wconf 87' lang='lat' dir='ltr'>quibusdam</span> <span class='ocrx_word' id='word_1_278' title='bbox 1173 2034 1563 2083; x_wconf 89' lang='lat' dir='ltr'>conditionibus</span> <span class='ocrx_word' id='word_1_279' title='bbox 1582 2033 1858 2099; x_wconf 90' lang='lat' dir='ltr'>propositis</span> <span class='ocrx_word' id='word_1_280' title='bbox 1887 2033 2117 2096; x_wconf 89' lang='lat' dir='ltr'>reddere,</span> <span class='ocrx_word' id='word_1_281' title='bbox 2147 2030 2317 2095; x_wconf 88' lang='lat' dir='ltr'>sigillo</span> 
     </span>
     <span class='ocr_line' id='line_1_28' title="bbox 133 2105 2317 2172; baseline -0 -17"><span class='ocrx_word' id='word_1_282' title='bbox 133 2106 252 2156; x_wconf 90' lang='lat' dir='ltr'>dicti</span> <span class='ocrx_word' id='word_1_283' title='bbox 280 2107 480 2156; x_wconf 88' lang='lat' dir='ltr'>Nicolai</span> <span class='ocrx_word' id='word_1_284' title='bbox 511 2107 795 2158; x_wconf 88' lang='lat' dir='ltr'>confirmat.</span> <span class='ocrx_word' id='word_1_285' title='bbox 826 2137 898 2142; x_wconf 89' lang='lat'>--</span> <span class='ocrx_word' id='word_1_286' title='bbox 928 2108 1166 2172; x_wconf 91' lang='lat' dir='ltr'>Michael,</span> <span class='ocrx_word' id='word_1_287' title='bbox 1196 2108 1542 2158; x_wconf 88' lang='lat' dir='ltr'>thesaurarius</span> <span class='ocrx_word' id='word_1_288' title='bbox 1565 2107 1900 2171; x_wconf 82' lang='lat' dir='ltr'>AcconensiS,</span> <span class='ocrx_word' id='word_1_289' title='bbox 1929 2108 2150 2156; x_wconf 91' lang='lat' dir='ltr'>Jacobus</span> <span class='ocrx_word' id='word_1_290' title='bbox 2180 2107 2242 2154; x_wconf 94' lang='lat' dir='ltr'>de</span> <span class='ocrx_word' id='word_1_291' title='bbox 2270 2105 2317 2154; x_wconf 90' lang='lat' dir='ltr'>la</span> 
     </span>
     <span class='ocr_line' id='line_1_29' title="bbox 132 2179 2317 2249; baseline -0.001 -18"><span class='ocrx_word' id='word_1_292' title='bbox 132 2180 294 2231; x_wconf 91' lang='lat' dir='ltr'>Colea</span> <span class='ocrx_word' id='word_1_293' title='bbox 323 2180 487 2245; x_wconf 84' lang='lat' dir='ltr'>mileS,</span> <span class='ocrx_word' id='word_1_294' title='bbox 519 2182 730 2232; x_wconf 92' lang='lat' dir='ltr'>Scorius</span> <span class='ocrx_word' id='word_1_295' title='bbox 759 2182 1092 2246; x_wconf 88' lang='lat' dir='ltr'>(Sanctorius)</span> <span class='ocrx_word' id='word_1_296' title='bbox 1122 2183 1184 2232; x_wconf 91' lang='lat' dir='ltr'>de</span> <span class='ocrx_word' id='word_1_297' title='bbox 1214 2184 1451 2232; x_wconf 88' lang='lat' dir='ltr'>Messana</span> <span class='ocrx_word' id='word_1_298' title='bbox 1470 2182 1806 2249; x_wconf 82' lang='lat' dir='ltr'>jurisperituS,</span> <span class='ocrx_word' id='word_1_299' title='bbox 1828 2182 2007 2231; x_wconf 88' lang='lat' dir='ltr'>Petrus</span> <span class='ocrx_word' id='word_1_300' title='bbox 2026 2179 2317 2230; x_wconf 87' lang='lat' dir='ltr'>Stornellus</span> 
     </span>
     <span class='ocr_line' id='line_1_30' title="bbox 134 2254 2316 2324; baseline -0 -20"><span class='ocrx_word' id='word_1_301' title='bbox 134 2254 364 2320; x_wconf 84' lang='lat' dir='ltr'>clericuS,</span> <span class='ocrx_word' id='word_1_302' title='bbox 393 2256 656 2306; x_wconf 91' lang='lat' dir='ltr'>Johannes</span> <span class='ocrx_word' id='word_1_303' title='bbox 686 2258 849 2307; x_wconf 89' lang='lat' dir='ltr'>dictus</span> <span class='ocrx_word' id='word_1_304' title='bbox 878 2258 1166 2321; x_wconf 80' lang='lat' dir='ltr'>BarberiUS,</span> <span class='ocrx_word' id='word_1_305' title='bbox 1210 2258 1320 2324; x_wconf 93' lang='lat' dir='ltr'>Dye</span> <span class='ocrx_word' id='word_1_306' title='bbox 1350 2258 1629 2307; x_wconf 87' lang='lat' dir='ltr'>bacalarius</span> <span class='ocrx_word' id='word_1_307' title='bbox 1659 2256 2008 2320; x_wconf 85' lang='lat' dir='ltr'>(Bacularius),</span> <span class='ocrx_word' id='word_1_308' title='bbox 2037 2255 2316 2304; x_wconf 86' lang='lat' dir='ltr'>Bartholo-</span> 
     </span>
     <span class='ocr_line' id='line_1_31' title="bbox 133 2331 2315 2398; baseline 0.002 -19"><span class='ocrx_word' id='word_1_309' title='bbox 133 2345 328 2395; x_wconf 90' lang='lat' dir='ltr'>maeus,</span> <span class='ocrx_word' id='word_1_310' title='bbox 359 2331 589 2381; x_wconf 90' lang='lat' dir='ltr'>notarius</span> <span class='ocrx_word' id='word_1_311' title='bbox 618 2332 873 2398; x_wconf 92' lang='lat' dir='ltr'>publicus,</span> <span class='ocrx_word' id='word_1_312' title='bbox 906 2331 995 2397; x_wconf 90' lang='lat' dir='ltr'>qui</span> <span class='ocrx_word' id='word_1_313' title='bbox 1035 2332 1233 2398; x_wconf 92' lang='lat' dir='ltr'>scripsit</span> <span class='ocrx_word' id='word_1_314' title='bbox 1273 2331 1574 2398; x_wconf 71' lang='lat' dir='ltr'>(Altpreuss</span> <span class='ocrx_word' id='word_1_315' title='bbox 1607 2331 1950 2382; x_wconf 89' lang='lat' dir='ltr'>Monatsschr.</span> <span class='ocrx_word' id='word_1_316' title='bbox 1981 2331 2093 2393; x_wconf 91' lang='lat' dir='ltr'>XX,</span> <span class='ocrx_word' id='word_1_317' title='bbox 2131 2347 2179 2396; x_wconf 92' lang='lat' dir='ltr'><strong>p.</strong></span> <span class='ocrx_word' id='word_1_318' title='bbox 2214 2346 2315 2394; x_wconf 84' lang='lat'>397</span> 
     </span>
     <span class='ocr_line' id='line_1_32' title="bbox 134 2404 2319 2474; baseline -0.001 -20"><span class='ocrx_word' id='word_1_319' title='bbox 134 2406 314 2470; x_wconf 85' lang='lat'>—398</span> <span class='ocrx_word' id='word_1_320' title='bbox 344 2404 398 2455; x_wconf 92' lang='lat' dir='ltr'>in</span> <span class='ocrx_word' id='word_1_321' title='bbox 426 2406 526 2456; x_wconf 93' lang='lat' dir='ltr'>N0.</span> <span class='ocrx_word' id='word_1_322' title='bbox 568 2423 656 2469; x_wconf 91' lang='grc'>10,</span> <span class='ocrx_word' id='word_1_323' title='bbox 688 2407 816 2474; x_wconf 92' lang='lat' dir='ltr'>Rey,</span> <span class='ocrx_word' id='word_1_324' title='bbox 848 2423 896 2473; x_wconf 93' lang='lat' dir='ltr'><strong>p.</strong></span> <span class='ocrx_word' id='word_1_325' title='bbox 933 2407 1174 2471; x_wconf 81' lang='lat'><strong>56——58;</strong></span> <span class='ocrx_word' id='word_1_326' title='bbox 1207 2406 1268 2456; x_wconf 90' lang='lat' dir='ltr'>cf.</span> <span class='ocrx_word' id='word_1_327' title='bbox 1300 2406 1586 2473; x_wconf 81' lang='lat' dir='ltr'>AltpreuSS.</span> <span class='ocrx_word' id='word_1_328' title='bbox 1619 2406 1963 2456; x_wconf 89' lang='lat' dir='ltr'>Monatsschr.</span> <span class='ocrx_word' id='word_1_329' title='bbox 2005 2406 2156 2469; x_wconf 83' lang='lat'>1882,</span> <span class='ocrx_word' id='word_1_330' title='bbox 2188 2404 2319 2468; x_wconf 90' lang='lat' dir='ltr'>XIX,</span> 
     </span>
     <span class='ocr_line' id='line_1_33' title="bbox 135 2476 2316 2547; baseline 0.001 -18"><span class='ocrx_word' id='word_1_331' title='bbox 135 2496 184 2546; x_wconf 91' lang='lat' dir='ltr'><strong>p.</strong></span> <span class='ocrx_word' id='word_1_332' title='bbox 217 2480 341 2546; x_wconf 85' lang='lat'>643,</span> <span class='ocrx_word' id='word_1_333' title='bbox 371 2480 472 2530; x_wconf 96' lang='lat' dir='ltr'>No.</span> <span class='ocrx_word' id='word_1_334' title='bbox 509 2497 601 2547; x_wconf 86' lang='grc'>52,</span> <span class='ocrx_word' id='word_1_335' title='bbox 633 2482 844 2531; x_wconf 90' lang='lat' dir='ltr'>Forsch.</span> <span class='ocrx_word' id='word_1_336' title='bbox 876 2482 1008 2546; x_wconf 89' lang='lat' dir='ltr'>XXI,</span> <span class='ocrx_word' id='word_1_337' title='bbox 1041 2498 1089 2547; x_wconf 93' lang='lat' dir='ltr'><strong>p.</strong></span> <span class='ocrx_word' id='word_1_338' title='bbox 1127 2498 1242 2546; x_wconf 83' lang='lat'>501,</span> <span class='ocrx_word' id='word_1_339' title='bbox 1271 2482 1369 2531; x_wconf 91' lang='lat' dir='ltr'>No.</span> <span class='ocrx_word' id='word_1_340' title='bbox 1403 2483 1503 2546; x_wconf 84' lang='lat'><strong>29).</strong></span> <span class='ocrx_word' id='word_1_341' title='bbox 2169 2476 2316 2526; x_wconf 85' lang='grc'>1467</span> 
     </span>
    </p>
   </div>
   <div class='ocr_carea' id='block_1_6' title="bbox 136 2568 2326 3995">
    <p class='ocr_par' dir='ltr' id='par_1_6' title="bbox 136 2568 2323 3308">
     <span class='ocr_line' id='line_1_34' title="bbox 273 2568 2319 2636; baseline -0 -17"><span class='ocrx_word' id='word_1_342' title='bbox 273 2606 304 2632; x_wconf 92' lang='grc'>,,</span> <span class='ocrx_word' id='word_1_343' title='bbox 382 2570 516 2620; x_wconf 86' lang='grc' dir='ltr'>Νον.</span> <span class='ocrx_word' id='word_1_344' title='bbox 551 2573 626 2636; x_wconf 88' lang='grc'>16,</span> <span class='ocrx_word' id='word_1_345' title='bbox 658 2571 764 2621; x_wconf 91' lang='lat' dir='ltr'>ind.</span> <span class='ocrx_word' id='word_1_346' title='bbox 795 2572 927 2622; x_wconf 91' lang='lat' dir='ltr'><strong>XIV.</strong></span> <span class='ocrx_word' id='word_1_347' title='bbox 972 2571 1028 2620; x_wconf 94' lang='lat' dir='ltr'>In</span> <span class='ocrx_word' id='word_1_348' title='bbox 1057 2572 1218 2621; x_wconf 91' lang='lat' dir='ltr'>domo</span> <span class='ocrx_word' id='word_1_349' title='bbox 1249 2571 1461 2621; x_wconf 87' lang='lat' dir='ltr'>fratrum</span> <span class='ocrx_word' id='word_1_350' title='bbox 1492 2571 1765 2621; x_wconf 88' lang='lat' dir='ltr'>Salvatoris</span> <span class='ocrx_word' id='word_1_351' title='bbox 1794 2571 1856 2620; x_wconf 93' lang='lat' dir='ltr'>de</span> <span class='ocrx_word' id='word_1_352' title='bbox 1885 2570 2067 2619; x_wconf 90' lang='lat' dir='ltr'>ordine</span> <span class='ocrx_word' id='word_1_353' title='bbox 2099 2569 2148 2619; x_wconf 87' lang='lat' dir='ltr'><strong>S.</strong></span> <span class='ocrx_word' id='word_1_354' title='bbox 2170 2568 2319 2619; x_wconf 88' lang='lat' dir='ltr'>Guil-</span> 
     </span>
     <span class='ocr_line' id='line_1_35' title="bbox 136 2642 2321 2712; baseline 0 -20"><span class='ocrx_word' id='word_1_355' title='bbox 136 2643 293 2708; x_wconf 91' lang='lat' dir='ltr'>lelmi,</span> <span class='ocrx_word' id='word_1_356' title='bbox 313 2660 444 2709; x_wconf 93' lang='lat' dir='ltr'>quae</span> <span class='ocrx_word' id='word_1_357' title='bbox 465 2658 539 2694; x_wconf 93' lang='lat' dir='ltr'>est</span> <span class='ocrx_word' id='word_1_358' title='bbox 558 2646 610 2695; x_wconf 89' lang='lat' dir='ltr'>in</span> <span class='ocrx_word' id='word_1_359' title='bbox 632 2646 788 2712; x_wconf 91' lang='lat' dir='ltr'>plano</span> <span class='ocrx_word' id='word_1_360' title='bbox 805 2645 1049 2712; x_wconf 82' lang='lat' dir='ltr'>Tripolis,</span> <span class='ocrx_word' id='word_1_361' title='bbox 1070 2674 1141 2679; x_wconf 92' lang='lat'>—</span> <span class='ocrx_word' id='word_1_362' title='bbox 1159 2646 1590 2695; x_wconf 85' lang='lat' dir='ltr'>Bartholomaeus</span> <span class='ocrx_word' id='word_1_363' title='bbox 1610 2647 1672 2696; x_wconf 93' lang='lat' dir='ltr'>de</span> <span class='ocrx_word' id='word_1_364' title='bbox 1691 2645 1876 2710; x_wconf 80' lang='lat' dir='ltr'>Biblio,</span> <span class='ocrx_word' id='word_1_365' title='bbox 1898 2644 2033 2694; x_wconf 91' lang='lat' dir='ltr'>filius</span> <span class='ocrx_word' id='word_1_366' title='bbox 2054 2642 2321 2693; x_wconf 88' lang='lat' dir='ltr'>Bertrandi</span> 
     </span>
     <span class='ocr_line' id='line_1_36' title="bbox 136 2718 2321 2786; baseline -0 -19"><span class='ocrx_word' id='word_1_367' title='bbox 136 2718 199 2767; x_wconf 89' lang='lat' dir='ltr'>de</span> <span class='ocrx_word' id='word_1_368' title='bbox 217 2718 401 2782; x_wconf 88' lang='lat' dir='ltr'>Biblio,</span> <span class='ocrx_word' id='word_1_369' title='bbox 422 2721 858 2786; x_wconf 90' lang='lat' dir='ltr'>compositionem</span> <span class='ocrx_word' id='word_1_370' title='bbox 888 2720 1199 2769; x_wconf 89' lang='lat' dir='ltr'>antedictam</span> <span class='ocrx_word' id='word_1_371' title='bbox 1218 2720 1387 2785; x_wconf 90' lang='lat' dir='ltr'>sigillo</span> <span class='ocrx_word' id='word_1_372' title='bbox 1407 2720 1690 2770; x_wconf 87' lang='lat' dir='ltr'>confirmat.</span> <span class='ocrx_word' id='word_1_373' title='bbox 1710 2749 1783 2755; x_wconf 93' lang='lat'>—</span> <span class='ocrx_word' id='word_1_374' title='bbox 1803 2720 2026 2769; x_wconf 87' lang='lat' dir='ltr'>Fratres:</span> <span class='ocrx_word' id='word_1_375' title='bbox 2058 2718 2321 2769; x_wconf 88' lang='lat' dir='ltr'>Johannes</span> 
     </span>
     <span class='ocr_line' id='line_1_37' title="bbox 136 2792 2320 2862; baseline 0 -21"><span class='ocrx_word' id='word_1_376' title='bbox 136 2792 426 2858; x_wconf 90' lang='lat' dir='ltr'>Piccardus,</span> <span class='ocrx_word' id='word_1_377' title='bbox 456 2794 646 2862; x_wconf 91' lang='lat' dir='ltr'>Helyas</span> <span class='ocrx_word' id='word_1_378' title='bbox 675 2796 1031 2858; x_wconf 88' lang='lat' dir='ltr'>Normannus,</span> <span class='ocrx_word' id='word_1_379' title='bbox 1069 2795 1370 2844; x_wconf 89' lang='lat' dir='ltr'>Franciscus</span> <span class='ocrx_word' id='word_1_380' title='bbox 1398 2796 1596 2845; x_wconf 90' lang='lat' dir='ltr'>Fuscus</span> <span class='ocrx_word' id='word_1_381' title='bbox 1627 2795 1883 2859; x_wconf 81' lang='lat' dir='ltr'>(Tuscus),</span> <span class='ocrx_word' id='word_1_382' title='bbox 1914 2794 2111 2844; x_wconf 91' lang='lat' dir='ltr'>ordinis</span> <span class='ocrx_word' id='word_1_383' title='bbox 2140 2810 2320 2860; x_wconf 88' lang='lat' dir='ltr'>supra—</span> 
     </span>
     <span class='ocr_line' id='line_1_38' title="bbox 138 2866 2319 2936; baseline -0 -20"><span class='ocrx_word' id='word_1_384' title='bbox 138 2867 256 2916; x_wconf 92' lang='lat' dir='ltr'>dicti</span> <span class='ocrx_word' id='word_1_385' title='bbox 302 2869 581 2935; x_wconf 90' lang='lat' dir='ltr'>presbyter,</span> <span class='ocrx_word' id='word_1_386' title='bbox 625 2870 820 2935; x_wconf 89' lang='lat' dir='ltr'>Petrus,</span> <span class='ocrx_word' id='word_1_387' title='bbox 867 2869 1163 2935; x_wconf 89' lang='lat' dir='ltr'>capellanus</span> <span class='ocrx_word' id='word_1_388' title='bbox 1206 2870 1602 2934; x_wconf 85' lang='lat' dir='ltr'>Bartholomaei,</span> <span class='ocrx_word' id='word_1_389' title='bbox 1649 2870 1821 2936; x_wconf 88' lang='lat' dir='ltr'>Ferry,</span> <span class='ocrx_word' id='word_1_390' title='bbox 1866 2869 2027 2918; x_wconf 90' lang='lat' dir='ltr'>scriba</span> <span class='ocrx_word' id='word_1_391' title='bbox 2069 2866 2319 2932; x_wconf 87' lang='lat' dir='ltr'>ejusdem,</span> 
     </span>
     <span class='ocr_line' id='line_1_39' title="bbox 138 2941 2321 3010; baseline 0 -20"><span class='ocrx_word' id='word_1_392' title='bbox 138 2941 383 2991; x_wconf 92' lang='lat' dir='ltr'>Nicolaus</span> <span class='ocrx_word' id='word_1_393' title='bbox 412 2944 658 2994; x_wconf 91' lang='lat' dir='ltr'>notarius.</span> <span class='ocrx_word' id='word_1_394' title='bbox 703 2945 948 2994; x_wconf 89' lang='lat' dir='ltr'>Nicolaus</span> <span class='ocrx_word' id='word_1_395' title='bbox 968 2943 1298 2994; x_wconf 86' lang='lat' dir='ltr'>Pomedellus</span> <span class='ocrx_word' id='word_1_396' title='bbox 1327 2945 1390 2993; x_wconf 92' lang='lat' dir='ltr'>de</span> <span class='ocrx_word' id='word_1_397' title='bbox 1421 2945 1607 3009; x_wconf 76' lang='lat' dir='ltr'>padua,</span> <span class='ocrx_word' id='word_1_398' title='bbox 1627 2944 1763 2995; x_wconf 87' lang='lat' dir='ltr'>filius</span> <span class='ocrx_word' id='word_1_399' title='bbox 1782 2944 2052 3010; x_wconf 87' lang='lat' dir='ltr'>quondam</span> <span class='ocrx_word' id='word_1_400' title='bbox 2071 2942 2321 2993; x_wconf 91' lang='lat' dir='ltr'>Johannis</span> 
     </span>
     <span class='ocr_line' id='line_1_40' title="bbox 139 3016 2322 3085; baseline 0.001 -20"><span class='ocrx_word' id='word_1_401' title='bbox 139 3016 324 3066; x_wconf 89' lang='lat' dir='ltr'>notarii</span> <span class='ocrx_word' id='word_1_402' title='bbox 354 3017 416 3066; x_wconf 94' lang='lat' dir='ltr'>de</span> <span class='ocrx_word' id='word_1_403' title='bbox 447 3018 582 3083; x_wconf 88' lang='lat' dir='ltr'><strong>Dug.</strong></span> <span class='ocrx_word' id='word_1_404' title='bbox 615 3018 850 3085; x_wconf 87' lang='lat' dir='ltr'>(Clugia),</span> <span class='ocrx_word' id='word_1_405' title='bbox 894 3019 1125 3068; x_wconf 89' lang='lat' dir='ltr'>notarius</span> <span class='ocrx_word' id='word_1_406' title='bbox 1166 3019 1404 3084; x_wconf 92' lang='lat' dir='ltr'>publicus</span> <span class='ocrx_word' id='word_1_407' title='bbox 1434 3032 1482 3068; x_wconf 93' lang='lat' dir='ltr'>et</span> <span class='ocrx_word' id='word_1_408' title='bbox 1510 3033 1634 3069; x_wconf 94' lang='lat' dir='ltr'>tunc</span> <span class='ocrx_word' id='word_1_409' title='bbox 1663 3020 1864 3070; x_wconf 90' lang='lat' dir='ltr'>domini</span> <span class='ocrx_word' id='word_1_410' title='bbox 1896 3018 2065 3068; x_wconf 90' lang='lat' dir='ltr'>vicarii</span> <span class='ocrx_word' id='word_1_411' title='bbox 2094 3017 2322 3083; x_wconf 84' lang='lat' dir='ltr'>Tripoli·</span> 
     </span>
     <span class='ocr_line' id='line_1_41' title="bbox 138 3091 2321 3160; baseline 0 -21"><span class='ocrx_word' id='word_1_412' title='bbox 138 3091 259 3155; x_wconf 88' lang='lat' dir='ltr'>tani,</span> <span class='ocrx_word' id='word_1_413' title='bbox 299 3091 496 3157; x_wconf 92' lang='lat' dir='ltr'>scripsit</span> <span class='ocrx_word' id='word_1_414' title='bbox 536 3093 838 3160; x_wconf 86' lang='lat' dir='ltr'>(Altpreuss.</span> <span class='ocrx_word' id='word_1_415' title='bbox 872 3094 1212 3143; x_wconf 90' lang='lat' dir='ltr'>Monatsschr.</span> <span class='ocrx_word' id='word_1_416' title='bbox 1245 3094 1355 3155; x_wconf 93' lang='lat' dir='ltr'>XX,</span> <span class='ocrx_word' id='word_1_417' title='bbox 1399 3110 1446 3160; x_wconf 93' lang='lat' dir='ltr'><strong>p.</strong></span> <span class='ocrx_word' id='word_1_418' title='bbox 1483 3096 1794 3160; x_wconf 76' lang='lat'>396——399</span> <span class='ocrx_word' id='word_1_419' title='bbox 1838 3094 1891 3143; x_wconf 92' lang='lat' dir='ltr'>in</span> <span class='ocrx_word' id='word_1_420' title='bbox 1921 3095 2019 3143; x_wconf 95' lang='lat' dir='ltr'>No.</span> <span class='ocrx_word' id='word_1_421' title='bbox 2063 3109 2147 3151; x_wconf 85' lang='grc'>10,</span> <span class='ocrx_word' id='word_1_422' title='bbox 2194 3092 2321 3157; x_wconf 82' lang='lat' dir='ltr'>Rey,</span> 
     </span>
     <span class='ocr_line' id='line_1_42' title="bbox 141 3166 2319 3235; baseline 0 -20"><span class='ocrx_word' id='word_1_423' title='bbox 141 3182 190 3232; x_wconf 92' lang='lat' dir='ltr'>p.</span> <span class='ocrx_word' id='word_1_424' title='bbox 226 3166 466 3231; x_wconf 83' lang='grc'>56-59,</span> <span class='ocrx_word' id='word_1_425' title='bbox 498 3167 559 3217; x_wconf 92' lang='lat' dir='ltr'>cf.</span> <span class='ocrx_word' id='word_1_426' title='bbox 592 3170 875 3234; x_wconf 90' lang='lat' dir='ltr'>Altpreuss.</span> <span class='ocrx_word' id='word_1_427' title='bbox 908 3168 1247 3218; x_wconf 86' lang='lat' dir='ltr'>Monatsschr.</span> <span class='ocrx_word' id='word_1_428' title='bbox 1289 3171 1440 3233; x_wconf 84' lang='grc'>1882,</span> <span class='ocrx_word' id='word_1_429' title='bbox 1472 3170 1604 3234; x_wconf 86' lang='lat' dir='ltr'>XIX,</span> <span class='ocrx_word' id='word_1_430' title='bbox 1635 3186 1683 3235; x_wconf 92' lang='lat' dir='ltr'>p.</span> <span class='ocrx_word' id='word_1_431' title='bbox 1707 3171 1830 3234; x_wconf 74' lang='lat'>643,</span> <span class='ocrx_word' id='word_1_432' title='bbox 1862 3170 1960 3219; x_wconf 80' lang='lat' dir='ltr'>No,</span> <span class='ocrx_word' id='word_1_433' title='bbox 1998 3185 2078 3233; x_wconf 71' lang='lat'>533</span> <span class='ocrx_word' id='word_1_434' title='bbox 2113 3168 2319 3216; x_wconf 82' lang='lat' dir='ltr'>Forsch.</span> 
     </span>
     <span class='ocr_line' id='line_1_43' title="bbox 142 3239 2323 3308; baseline -0 -20"><span class='ocrx_word' id='word_1_435' title='bbox 142 3240 274 3304; x_wconf 90' lang='lat' dir='ltr'>XXI,</span> <span class='ocrx_word' id='word_1_436' title='bbox 305 3257 353 3306; x_wconf 94' lang='lat' dir='ltr'>p.</span> <span class='ocrx_word' id='word_1_437' title='bbox 390 3258 508 3306; x_wconf 88' lang='lat'>501,</span> <span class='ocrx_word' id='word_1_438' title='bbox 540 3243 639 3292; x_wconf 92' lang='lat' dir='ltr'>No.</span> <span class='ocrx_word' id='word_1_439' title='bbox 675 3244 775 3308; x_wconf 77' lang='lat'><strong>30).</strong></span> <span class='ocrx_word' id='word_1_440' title='bbox 2174 3239 2323 3288; x_wconf 84' lang='lat'>1468</span> 
     </span>
    </p>

    <p class='ocr_par' dir='ltr' id='par_1_7' title="bbox 143 3331 2324 3548">
     <span class='ocr_line' id='line_1_44' title="bbox 277 3331 2323 3399; baseline -0 -19"><span class='ocrx_word' id='word_1_441' title='bbox 277 3367 308 3393; x_wconf 94' lang='lat'>‚,</span> <span class='ocrx_word' id='word_1_442' title='bbox 385 3359 457 3365; x_wconf 88' lang='lat'>—</span> <span class='ocrx_word' id='word_1_443' title='bbox 486 3332 662 3397; x_wconf 90' lang='lat' dir='ltr'>Hugo,</span> <span class='ocrx_word' id='word_1_444' title='bbox 696 3333 972 3399; x_wconf 88' lang='lat' dir='ltr'>episcopus</span> <span class='ocrx_word' id='word_1_445' title='bbox 992 3332 1412 3397; x_wconf 83' lang='lat' dir='ltr'>Bethlemitanus,</span> <span class='ocrx_word' id='word_1_446' title='bbox 1431 3334 1461 3396; x_wconf 84' lang='lat'>¹)</span> <span class='ocrx_word' id='word_1_447' title='bbox 1482 3334 1729 3383; x_wconf 92' lang='lat' dir='ltr'>omnibus</span> <span class='ocrx_word' id='word_1_448' title='bbox 1748 3333 1939 3383; x_wconf 80' lang='lat' dir='ltr'>Christi</span> <span class='ocrx_word' id='word_1_449' title='bbox 1960 3334 2212 3390; x_wconf 70' lang='lat' dir='ltr'>fidelibus,</span> <span class='ocrx_word' id='word_1_450' title='bbox 2235 3331 2323 3397; x_wconf 87' lang='lat' dir='ltr'>qui</span> 
     </span>
     <span class='ocr_line' id='line_1_45' title="bbox 147 3404 2323 3474; baseline 0 -21"><span class='ocrx_word' id='word_1_451' title='bbox 147 3404 383 3454; x_wconf 77' lang='lat' dir='ltr'>fratribus</span> <span class='ocrx_word' id='word_1_452' title='bbox 402 3406 625 3456; x_wconf 91' lang='lat' dir='ltr'>Carmeli</span> <span class='ocrx_word' id='word_1_453' title='bbox 654 3408 1015 3457; x_wconf 87' lang='lat' dir='ltr'>sustentationi</span> <span class='ocrx_word' id='word_1_454' title='bbox 1045 3408 1147 3456; x_wconf 88' lang='lat' dir='ltr'>sive</span> <span class='ocrx_word' id='word_1_455' title='bbox 1178 3409 1434 3457; x_wconf 86' lang='lat' dir='ltr'>domuum</span> <span class='ocrx_word' id='word_1_456' title='bbox 1466 3408 1806 3458; x_wconf 67' lang='lat' dir='ltr'>aedificationi</span> <span class='ocrx_word' id='word_1_457' title='bbox 1838 3426 2022 3457; x_wconf 89' lang='lat' dir='ltr'>manus</span> <span class='ocrx_word' id='word_1_458' title='bbox 2052 3409 2323 3474; x_wconf 82' lang='lat' dir='ltr'>porrigunt</span> 
     </span>
     <span class='ocr_line' id='line_1_46' title="bbox 143 3478 2324 3548; baseline 0 -21"><span class='ocrx_word' id='word_1_459' title='bbox 143 3478 431 3545; x_wconf 86' lang='lat' dir='ltr'>adjutrices,</span> <span class='ocrx_word' id='word_1_460' title='bbox 454 3480 542 3529; x_wconf 94' lang='lat' dir='ltr'>XL</span> <span class='ocrx_word' id='word_1_461' title='bbox 563 3482 766 3531; x_wconf 91' lang='lat' dir='ltr'>dierum</span> <span class='ocrx_word' id='word_1_462' title='bbox 787 3482 1164 3545; x_wconf 79' lang='lat' dir='ltr'>indulgentiam</span> <span class='ocrx_word' id='word_1_463' title='bbox 1185 3482 1419 3531; x_wconf 89' lang='lat' dir='ltr'>concedit</span> <span class='ocrx_word' id='word_1_464' title='bbox 1440 3482 1644 3545; x_wconf 80' lang='lat' dir='ltr'>(Bullar.</span> <span class='ocrx_word' id='word_1_465' title='bbox 1663 3484 1884 3532; x_wconf 88' lang='lat' dir='ltr'>Carmel.</span> <span class='ocrx_word' id='word_1_466' title='bbox 1908 3484 1940 3546; x_wconf 93' lang='lat' dir='ltr'>I,</span> <span class='ocrx_word' id='word_1_467' title='bbox 1963 3499 2010 3548; x_wconf 90' lang='lat' dir='ltr'>p.</span> <span class='ocrx_word' id='word_1_468' title='bbox 2037 3483 2135 3548; x_wconf 68' lang='lat'><strong>39).</strong></span> <span class='ocrx_word' id='word_1_469' title='bbox 2177 3479 2324 3528; x_wconf 86' lang='lat'>1469</span> 
     </span>
    </p>

    <p class='ocr_par' dir='ltr' id='par_1_8' title="bbox 144 3563 2325 3682">
     <span class='ocr_line' id='line_1_47' title="bbox 269 3563 2325 3629; baseline 0 -22"><span class='ocrx_word' id='word_1_470' title='bbox 269 3564 308 3629; x_wconf 33' lang='lat'>¹).</span> <span class='ocrx_word' id='word_1_471' title='bbox 332 3563 383 3608; x_wconf 90' lang='lat' dir='ltr'>In</span> <span class='ocrx_word' id='word_1_472' title='bbox 402 3565 562 3611; x_wconf 86' lang='lat' dir='ltr'>charta</span> <span class='ocrx_word' id='word_1_473' title='bbox 578 3566 809 3611; x_wconf 85' lang='lat' dir='ltr'>Venetiae</span> <span class='ocrx_word' id='word_1_474' title='bbox 830 3582 868 3611; x_wconf 91' lang='lat' dir='ltr'>a.</span> <span class='ocrx_word' id='word_1_475' title='bbox 893 3568 999 3625; x_wconf 82' lang='grc'>1287</span> <span class='ocrx_word' id='word_1_476' title='bbox 1025 3565 1149 3610; x_wconf 84' lang='lat' dir='ltr'>edita</span> <span class='ocrx_word' id='word_1_477' title='bbox 1174 3580 1353 3611; x_wconf 89' lang='lat' dir='ltr'>nomen</span> <span class='ocrx_word' id='word_1_478' title='bbox 1378 3565 1477 3625; x_wconf 87' lang='lat' dir='ltr'>ejus</span> <span class='ocrx_word' id='word_1_479' title='bbox 1501 3578 1799 3611; x_wconf 88' lang='lat' dir='ltr'>memoratur</span> <span class='ocrx_word' id='word_1_480' title='bbox 1822 3566 2228 3622; x_wconf 71' lang='lat' dir='ltr'>(&#39;l&#39;asel—&#39;l&#39;homas</span> <span class='ocrx_word' id='word_1_481' title='bbox 2256 3566 2325 3614; x_wconf 80' lang='grc' dir='ltr'>ΙΙΙ,</span> 
     </span>
     <span class='ocr_line' id='line_1_48' title="bbox 144 3631 335 3682; baseline -0.01 -1"><span class='ocrx_word' id='word_1_482' title='bbox 144 3636 189 3681; x_wconf 84' lang='grc' dir='ltr'>Ρ·</span> <span class='ocrx_word' id='word_1_483' title='bbox 216 3631 335 3682; x_wconf 86' lang='lat'>355)-</span> 
     </span>
    </p>

    <p class='ocr_par' dir='ltr' id='par_1_9' title="bbox 145 3702 2326 3995">
     <span class='ocr_line' id='line_1_49' title="bbox 207 3702 2323 3770; baseline -0 -16"><span class='ocrx_word' id='word_1_484' title='bbox 207 3702 225 3766; x_wconf 87' lang='lat'>(</span> <span class='ocrx_word' id='word_1_485' title='bbox 292 3742 323 3767; x_wconf 85' lang='lat'>‚‚</span> <span class='ocrx_word' id='word_1_486' title='bbox 400 3703 440 3767; x_wconf 72' lang='grc' dir='ltr'>Ρ)</span> <span class='ocrx_word' id='word_1_487' title='bbox 469 3706 586 3755; x_wconf 91' lang='lat' dir='ltr'>Jun.</span> <span class='ocrx_word' id='word_1_488' title='bbox 621 3707 704 3756; x_wconf 88' lang='grc'>26.</span> <span class='ocrx_word' id='word_1_489' title='bbox 750 3707 922 3756; x_wconf 87' lang='lat' dir='ltr'>Acede</span> <span class='ocrx_word' id='word_1_490' title='bbox 953 3705 1181 3769; x_wconf 85' lang='lat' dir='ltr'>(gallice).</span> <span class='ocrx_word' id='word_1_491' title='bbox 1218 3734 1276 3740; x_wconf 91' lang='lat'><strong>—</strong></span> <span class='ocrx_word' id='word_1_492' title='bbox 1312 3706 1493 3756; x_wconf 88' lang='lat' dir='ltr'>Nicole</span> <span class='ocrx_word' id='word_1_493' title='bbox 1523 3706 1567 3756; x_wconf 88' lang='lat' dir='ltr'>le</span> <span class='ocrx_word' id='word_1_494' title='bbox 1601 3707 1820 3770; x_wconf 80' lang='lat' dir='ltr'>Lorgne,</span> <span class='ocrx_word' id='word_1_495' title='bbox 1863 3706 2102 3770; x_wconf 85' lang='lat' dir='ltr'>magister</span> <span class='ocrx_word' id='word_1_496' title='bbox 2132 3705 2323 3770; x_wconf 83' lang='lat' dir='ltr'>Hospi-</span> 
     </span>
     <span class='ocr_line' id='line_1_50' title="bbox 145 3777 2325 3845; baseline 0.001 -19"><span class='ocrx_word' id='word_1_497' title='bbox 145 3777 272 3842; x_wconf 89' lang='lat' dir='ltr'>talis,</span> <span class='ocrx_word' id='word_1_498' title='bbox 302 3779 549 3830; x_wconf 88' lang='lat' dir='ltr'>Eduardo</span> <span class='ocrx_word' id='word_1_499' title='bbox 579 3780 613 3844; x_wconf 90' lang='lat' dir='ltr'>I,</span> <span class='ocrx_word' id='word_1_500' title='bbox 656 3781 762 3845; x_wconf 87' lang='lat' dir='ltr'>regi</span> <span class='ocrx_word' id='word_1_501' title='bbox 792 3781 1026 3845; x_wconf 88' lang='lat' dir='ltr'>Angliae,</span> <span class='ocrx_word' id='word_1_502' title='bbox 1068 3780 1409 3830; x_wconf 88' lang='lat' dir='ltr'>miserabilem</span> <span class='ocrx_word' id='word_1_503' title='bbox 1439 3795 1624 3830; x_wconf 81' lang='lat' dir='ltr'>statum</span> <span class='ocrx_word' id='word_1_504' title='bbox 1654 3781 1842 3830; x_wconf 68' lang='lat' dir='ltr'>&#39;l‘errae</span> <span class='ocrx_word' id='word_1_505' title='bbox 1872 3781 2083 3829; x_wconf 80' lang='lat' dir='ltr'>Sanctae</span> <span class='ocrx_word' id='word_1_506' title='bbox 2114 3780 2325 3844; x_wconf 84' lang='lat' dir='ltr'>exponit</span> 
     </span>
     <span class='ocr_line' id='line_1_51' title="bbox 147 3851 2323 3921; baseline 0 -20"><span class='ocrx_word' id='word_1_507' title='bbox 147 3851 346 3914; x_wconf 89' lang='lat' dir='ltr'>(Bullet.</span> <span class='ocrx_word' id='word_1_508' title='bbox 377 3854 440 3903; x_wconf 92' lang='lat' dir='ltr'>de</span> <span class='ocrx_word' id='word_1_509' title='bbox 469 3854 514 3903; x_wconf 91' lang='lat' dir='ltr'>la</span> <span class='ocrx_word' id='word_1_510' title='bbox 542 3872 645 3904; x_wconf 89' lang='lat' dir='ltr'>soc.</span> <span class='ocrx_word' id='word_1_511' title='bbox 677 3854 846 3904; x_wconf 83' lang='lat' dir='ltr'>d&#39;hist.</span> <span class='ocrx_word' id='word_1_512' title='bbox 878 3856 939 3903; x_wconf 89' lang='lat' dir='ltr'>de</span> <span class='ocrx_word' id='word_1_513' title='bbox 973 3855 1163 3904; x_wconf 87' lang='lat' dir='ltr'>France</span> <span class='ocrx_word' id='word_1_514' title='bbox 1204 3856 1354 3920; x_wconf 79' lang='lat'>1834,</span> <span class='ocrx_word' id='word_1_515' title='bbox 1398 3855 1431 3917; x_wconf 93' lang='grc' dir='ltr'>Ι,</span> <span class='ocrx_word' id='word_1_516' title='bbox 1475 3873 1521 3921; x_wconf 84' lang='lat' dir='ltr'>p.</span> <span class='ocrx_word' id='word_1_517' title='bbox 1566 3874 1575 3904; x_wconf 92' lang='grc'>1</span> <span class='ocrx_word' id='word_1_518' title='bbox 1602 3882 1670 3889; x_wconf 83' lang='lat'>——</span> <span class='ocrx_word' id='word_1_519' title='bbox 1699 3874 1709 3903; x_wconf 86' lang='lat'>1</span> <span class='ocrx_word' id='word_1_520' title='bbox 1736 3873 1745 3903; x_wconf 91' lang='lat'>1</span> <span class='ocrx_word' id='word_1_521' title='bbox 1774 3872 1784 3914; x_wconf 89' lang='grc'>,</span> <span class='ocrx_word' id='word_1_522' title='bbox 1844 3856 2035 3904; x_wconf 80' lang='lat' dir='ltr'>l.ettres</span> <span class='ocrx_word' id='word_1_523' title='bbox 2077 3855 2164 3903; x_wconf 86' lang='lat' dir='ltr'>des</span> <span class='ocrx_word' id='word_1_524' title='bbox 2206 3855 2323 3913; x_wconf 81' lang='lat' dir='ltr'>rois,</span> 
     </span>
     <span class='ocr_line' id='line_1_52' title="bbox 148 3926 2326 3995; baseline 0.001 -20"><span class='ocrx_word' id='word_1_525' title='bbox 148 3926 313 3976; x_wconf 89' lang='grc'>1011103</span> <span class='ocrx_word' id='word_1_526' title='bbox 343 3940 434 3977; x_wconf 82' lang='grc'>010.</span> <span class='ocrx_word' id='word_1_527' title='bbox 456 3928 490 3994; x_wconf 91' lang='grc' dir='ltr'>Ι,</span> <span class='ocrx_word' id='word_1_528' title='bbox 521 3945 568 3995; x_wconf 94' lang='lat' dir='ltr'>p.</span> <span class='ocrx_word' id='word_1_529' title='bbox 595 3932 901 3995; x_wconf 71' lang='lat'>338—339,</span> <span class='ocrx_word' id='word_1_530' title='bbox 922 3930 1021 3979; x_wconf 84' lang='lat' dir='ltr'>No.</span> <span class='ocrx_word' id='word_1_531' title='bbox 1047 3946 1178 3994; x_wconf 70' lang='lat'>253;</span> <span class='ocrx_word' id='word_1_532' title='bbox 1210 3930 1488 3980; x_wconf 85' lang='lat' dir='ltr'>correctius</span> <span class='ocrx_word' id='word_1_533' title='bbox 1518 3931 1570 3978; x_wconf 91' lang='lat' dir='ltr'>in</span> <span class='ocrx_word' id='word_1_534' title='bbox 1598 3930 1725 3979; x_wconf 84' lang='lat' dir='ltr'>Bibl.</span> <span class='ocrx_word' id='word_1_535' title='bbox 1748 3930 1810 3979; x_wconf 87' lang='lat' dir='ltr'>de</span> <span class='ocrx_word' id='word_1_536' title='bbox 1839 3929 2018 3978; x_wconf 82' lang='lat' dir='ltr'>l&#39;e&#39;cole</span> <span class='ocrx_word' id='word_1_537' title='bbox 2050 3930 2097 3978; x_wconf 83' lang='lat' dir='ltr'>d.</span> <span class='ocrx_word' id='word_1_538' title='bbox 2130 3930 2326 3978; x_wconf 89' lang='lat' dir='ltr'>chartes</span> 
     </span>
    </p>
   </div>
  </div>
 </body>
</html>
