2684 4244
958 142 1089 200 regni
1111 142 1547 202 Hierosolymitani.
2238 167 2261 214 3
2275 166 2299 198 2
2311 167 2337 202 7

167 329 401 380 concedit
430 344 476 380 et
503 331 671 396 sigillo
700 332 986 395 confirmat,
1017 332 1229 400 insuper
1269 334 1486 383 domum
1529 334 1737 384 civitatis
1767 335 2015 384 Nazareth
2047 352 2165 385 cum
2194 348 2339 398 terra,

167 403 255 453 ubi
284 416 404 454 sunt
432 407 638 456 arbores
667 407 936 470 olivarum,
977 420 1023 456 et
1052 408 1237 473 petiam
1268 420 1426 457 terrae
1455 410 1516 457 ad
1546 409 1747 458 vineam
1777 409 2125 475 plantandam.
2169 408 2340 472 Hujus

166 494 287 528 vero
316 478 505 529 domus
533 493 653 530 sunt
680 480 835 530 fines:
877 483 938 530 ab
968 481 1163 531 oriente
1194 499 1303 531 casa
1333 483 1587 547 quaedam
1620 483 1778 549 ipsius
1819 484 2074 546 ecclesiae,
2117 486 2177 532 ab
2207 484 2340 532 occi-

165 552 318 601 dente
347 569 457 602 casa
486 554 617 603 Petri
647 556 709 604 de
737 555 925 618 BeritO,
967 558 1028 604 ab
1058 556 1166 605 aliis
1196 556 1423 622 partibus
1451 557 1529 605 via
1558 557 1787 622 publica;
1834 557 1961 606 fines
1992 558 2160 606 oliveti
2191 570 2337 607 sunt:

168 627 226 675 ab
255 626 451 676 oriente
471 629 722 693 quaedam
745 629 931 678 foresta
960 643 1006 678 ct
1035 643 1161 679 terra
1192 630 1352 695 ipsius
1380 631 1637 695 ecclesiae,
1659 632 1718 679 ab
1738 632 2003 680 occidente
2031 633 2177 681 locus
2206 630 2340 695 ejus-

169 701 284 750 dem
313 701 558 762 desertus,
589 705 650 752 ab
681 720 783 752 una
814 717 951 769 parte
980 716 1110 753 terra
1139 705 1408 769 quondam
1439 704 1534 770 Syr
1563 705 1729 764 Aseti;
1772 705 1899 754 fines
1929 705 2153 770 denique
2182 719 2339 754 terrae

169 774 227 823 ad
268 773 470 824 vineam
513 777 842 842 plantandam
883 779 1024 826 datae
1065 791 1211 827 sunt:
1257 780 1317 827 ab
1359 778 1553 827 oriente
1594 792 1722 828 terra
1764 780 1972 843 Georgii
2014 780 2191 843 scriba,
2209 780 2239 842 ¹)
2279 781 2340 828 ab

168 848 429 899 occidente
454 850 599 900 vinea
617 852 867 901 Johannis
887 852 1052 913 Fabri,
1073 854 1134 901 ab
1156 869 1257 901 una
1285 866 1424 918 parte
1453 853 1549 916 via,
1581 870 1712 918 quae
1741 855 1802 902 ad
1833 855 1992 902 casale
2014 855 2168 920 Aylot
2187 854 2341 902 ducit.

168 950 239 956 —-
264 924 505 988 Magister
534 926 845 975 Guillelmus
879 927 1287 991 archidiaconus,
1330 927 1507 975 Petrus
1548 928 1806 992 YspanuS,
1848 928 2068 990 Ylarius,
2111 929 2341 977 Andreas

168 995 407 1062 Yspanus
427 1000 722 1066 presbyteri,
742 1001 1000 1064 Albertus,
1032 1001 1243 1050 clericus
1271 1000 1659 1067 archiepiscopi,
1692 1001 1947 1065 Sororius,
1977 1002 2137 1050 scriba
2167 1003 2340 1068 Syrus,

168 1071 417 1122 Nazareni
446 1073 590 1140 (Rey,
621 1074 959 1139 Recherches,
990 1092 1039 1141 p.
1074 1075 1323 1140 36—38).
2192 1074 2340 1123 1242

290 1166 319 1221 ¹)
352 1166 424 1210 De
448 1180 545 1224 quo
570 1167 732 1224 (Jorge
755 1165 1047 1221 Lescrivain)
1071 1165 1129 1210 cf.
1154 1166 1268 1212 Lois
1293 1167 1386 1223 (ed.
1412 1167 1656 1224 Beugnot)
1681 1168 1711 1224 I,
1735 1182 1778 1225 p.
1802 1182 1904 1224 424.

239 1262 641 1328 (1255—1261
679 1266 837 1331 Mai.)
867 1296 937 1302 -—
965 1269 1201 1330 Jacobus.
1243 1267 1524 1333 patriarcha
1564 1267 2070 1333 Hierosolymitanus
2110 1281 2156 1316 et
2196 1268 2341 1317 Sedis

165 1338 492 1405 Apostolicae
512 1339 725 1405 legatus,
747 1341 1071 1407 privilegium
1101 1360 1128 1391 a
1158 1342 1402 1406 Rogerio,
1434 1358 1550 1405 rege
1571 1341 1785 1404 Siciliae,
1808 1342 2042 1391 fratribus
2062 1342 2341 1408 Hospitalis

164 1428 469 1463 concessum
489 1416 786 1465 transsumit
804 1429 850 1465 et
868 1416 1035 1481 sigillo
1055 1416 1323 1466 confirmat
1343 1416 1546 1479 (Lunig,
1569 1416 1698 1465 Cod.
1719 1416 1933 1482 diplom.
1956 1417 2057 1465 Ital.
2081 1417 2134 1480 Il,
2155 1417 2338 1477 sect.V,

164 1504 213 1554 p.
244 1489 405 1553 16353
436 1488 593 1553 Paoli,
626 1490 755 1539 Dell'
774 1491 989 1554 origine,
1019 1507 1135 1557 app.
1167 1491 1250 1554 IV,
1283 1491 1383 1540 No.
1419 1490 1482 1555 3).
2193 1489 2340 1538 1243

267 1589 416 1639 1256
443 1593 553 1642 Jan.
580 1594 657 1643 16.
688 1593 939 1643 Laterani.
969 1622 1040 1628 -—
1058 1594 1351 1643 Alexander
1377 1594 1444 1645 IV
1472 1593 1716 1659 episcopo
1734 1593 2091 1642 Tiberiadensi
2111 1606 2157 1642 et
2175 1594 2341 1642 abbati

165 1666 461 1715 monasterii
491 1666 540 1716 S.
562 1667 815 1717 Samuelis
835 1667 1152 1717 Acconensis
1182 1668 1378 1717 ordinis
1399 1669 1757 1731 praemonstr„
1785 1668 1970 1730 scribit,
2001 1685 2052 1716 se
2082 1682 2340 1717 monaste-

162 1740 296 1789 rium
329 1739 378 1790 S.
400 1741 575 1790 Lazari
604 1742 665 1790 de
694 1742 938 1791 Bethania
963 1742 995 1805 1)
1025 1742 1220 1791 ordinis
1250 1743 1299 1792 S.
1321 1742 1582 1791 Benedicti
1602 1741 1818 1791 diocesis
1837 1742 2339 1808 Hierosolymitanae

165 1832 192 1864 a
219 1815 483 1864 Saracenis
513 1832 676 1881 paene
706 1816 1023 1866 destructum
1055 1816 1290 1866 fratribus
1320 1816 1600 1883 Hospitalis
1640 1817 1915 1865 contulisse
1956 1817 2038 1864 tali
2069 1833 2190 1865 vero
2219 1834 2339 1866 con-

164 1888 375 1953 ditione,
418 1902 474 1939 ut
513 1890 789 1939 abbatissae
820 1904 867 1939 et
897 1891 1209 1940 monialibus
1250 1892 1316 1940 ibi
1354 1891 1641 1941 constitutis
1682 1890 1859 1939 omnia
1898 1891 2178 1939 necessaria
2217 1894 2339 1940 sub-

163 1963 453 2013 ministrent
492 1977 539 2013 et
579 1977 696 2030 post
735 1981 909 2014 earum
955 1978 1173 2014 mortem
1215 1966 1292 2014 vel
1319 1966 1602 2015 discessum
1642 1964 1762 2014 alias
1802 1965 2128 2028 substituant,
2171 1965 2341 2030 itaque

161 2037 407 2104 episcopo
458 2038 718 2105 praecipit,
772 2052 828 2088 ut
883 2039 1021 2088 idem
1065 2039 1301 2089 fratribus
1345 2040 1451 2106 ipse
1495 2040 1575 2088 vel
1619 2056 1708 2105 per
1750 2052 2137 2106 procuratorem
2182 2041 2341 2089 tradat

162 2111 320 2175 (paoli
349 2113 383 2176 Ι,
414 2129 464 2179 p.
506 2114 807 2179 164—-165,
838 2114 937 2163 No.
980 2114 1111 2179 135).
2194 2113 2341 2162 1244

288 2204 317 2261 ¹)
350 2204 422 2248 De
446 2219 544 2263 quo
569 2204 627 2249 cf.
651 2203 842 2263 Vogije',
865 2206 956 2249 Les
982 2205 1166 2263 eglises,
1190 2220 1234 2263 p.
1260 2205 1518 2266 335—3383
1542 2206 1727 2249 ZDPV.
1751 2205 1808 2262 X,
1832 2220 1875 2263 p.
1902 2206 2148 2263 278-279.
2188 2207 2340 2250 Urba-

162 2278 250 2308 nus
267 2264 328 2308 lV
344 2278 383 2308 a.
407 2266 506 2308 1261
531 2262 800 2309 cessionem
816 2264 993 2309 Montis
1009 2265 1211 2309 Thabor
1232 2276 1277 2309 et
1295 2276 1511 2310 nostram
1527 2264 1849 2322 supradictam
1865 2265 2105 2309 revocavit
2120 2266 2342 2322 (Eraclcs,

162 2338 207 2382 p.
228 2324 342 2381 4463
377 2323 562 2380 Gestes,
586 2338 630 2382 p.
658 2325 769 2381 166).

310 2455 342 2481 „
418 2418 527 2468 Jan.
557 2419 710 2468 Jaffae
730 2419 955 2485 (gallice).
975 2419 1232 2469 ——Johan
1253 2419 1512 2483 d’Ybelin,
1533 2435 1706 2468 comes
1733 2419 1794 2468 de
1813 2419 1971 2484 Japhe
2001 2431 2047 2467 et
2075 2420 2341 2485 Escalone,

163 2492 410 2542 dominus
428 2493 490 2542 de
509 2494 714 2558 Rames,
735 2494 971 2543 fratribus
991 2494 1270 2560 Hospitalis
1288 2510 1383 2560 pro
1403 2493 1606 2543 damnis
1625 2506 1672 2542 et
1691 2493 1943 2559 expensiS,
1961 2509 2087 2558 quas
2115 2494 2167 2542 in
2187 2498 2340 2543 Asca—

162 2567 283 2616 lone
312 2567 650 2617 custodienda
679 2585 736 2617 ac
766 2568 1091 2617 defendenda
1122 2568 1428 2631 habuerunt,
1456 2585 1546 2634 per
1572 2584 1785 2617 manum
1807 2567 2341 2632 magistriGuillaume

163 2642 226 2690 de
256 2641 512 2691 Chasteau
554 2642 685 2691 nuef
718 2643 857 2692 DCL
897 2655 1178 2691 carrucatas
1215 2654 1373 2691 terrae
1402 2642 1726 2691 Ascalonitae
1756 2643 1915 2691 donat
1943 2656 1990 2691 et
2018 2642 2187 2706 sigillo
2217 2660 2341 2692 con—

164 2714 346 2765 firmat.
372 2744 431 2750 -—
456 2716 532 2766 De
551 2716 775 2766 vasallis:
808 2717 1021 2767 Gautier
1050 2717 1292 2765 d'Ybelin
1322 2717 1675 2779 marescalcus,
1706 2716 1947 2765 Estienne
1978 2717 2039 2765 de
2070 2717 2342 2781 Sauvegni,

164 2789 404 2840 Baudoin
433 2791 495 2840 de
524 2791 671 2854 Sure,
690 2792 980 2841 Emiorram
1010 2792 1072 2840 de
1091 2790 1253 2855 Toisi,
1284 2791 1523 2841 Baudoin
1553 2792 1615 2840 de
1644 2791 1850 2855 Corbie,
1881 2791 2049 2840 Pierre
2079 2791 2343 2840 L'aleman

165 2863 323 2927 (Paoli
350 2864 384 2928 Ι,
415 2881 463 2931 p.
508 2882 622 2930 155,
652 2867 751 2915 No.
794 2866 923 2931 130).
2196 2864 2344 2913 1245

313 3005 343 3031 ,,
421 2968 568 3019 Febr.
604 2986 649 3019 2.
704 2970 891 3036 Japhae
936 2968 1169 3033 (gallice).
1224 2998 1296 3003 ——
1348 2970 1513 3019 Johan
1559 2969 1819 3032 d'Ybelin,
1862 2985 2036 3019 comes
2081 2970 2142 3019 de
2186 2971 2343 3036 Japhe

167 3054 215 3092 et
244 3042 565 3107 d'Escalone,
584 3044 830 3093 dominus
850 3045 911 3093 de
932 3044 1137 3105 Rames,
1159 3043 1415 3110 Hospitali
1447 3061 1535 3110 per
1564 3061 1777 3093 manum
1799 3044 2026 3108 magistri
2046 3044 2343 3094 Guillaumc

167 3117 230 3166 de
249 3116 506 3167 Chasteau
537 3118 669 3167 nuef
691 3119 753 3167 de
783 3118 1019 3167 dominio
1048 3134 1144 3167 suo
1166 3118 1532 3167 Ascalonitano
1563 3118 1742 3167 casalia
1773 3119 2055 3184 Malaques,
2087 3120 2342 3174 Saarcthc,

167 3189 457 3256 Heleiquat,
486 3191 640 3256 Zeite,
673 3193 972 3254 Amouhde,
1014 3192 1308 3256 Elgedeide,
1350 3193 1583 3256 phetora,
1626 3194 1876 3253 Semsem,
1918 3194 2166 3255 Camsa,¹)
2209 3194 2342 3241 Reit-

167 3265 311 3314 deras
332 3266 368 3327 ²)
408 3266 650 3330 secunda,
692 3266 1020 3330 Elroiheib,²·³)
1063 3266 1261 3330 Agelen
1302 3267 1545 3333 el-hayet,
1579 3266 1776 3331 Agelen
1806 3268 2053 3316 el-ahssas
2084 3281 2129 3316 ct
2158 3269 2284 3316 ssczc
2308 3268 2342 3330 Ιι)

166 3355 287 3389 cum
306 3338 552 3389 omnibus
572 3340 891 3406 pertinentiis
920 3342 1077 3390 donat
1106 3354 1153 3389 et
1182 3340 1349 3404 sigillo
1379 3342 1616 3407 apposito
1639 3342 1890 3405 concedit,
1913 3356 1966 3390 ut
1986 3342 2115 3390 dicta
2136 3343 2342 3398 domus,

168 3411 421 3463 Ascalone
451 3412 665 3480 ejusque
695 3415 947 3464 territorio
978 3415 1112 3463 bello
1144 3432 1375 3480 unquam
1413 3415 1642 3482 receptis,
1675 3416 1726 3464 in
1757 3416 1899 3465 dictis
1929 3416 2176 3464 casalibus
2208 3417 2343 3464 l)(]l.

168 3500 447 3536 carrucatas
483 3500 643 3538 terrae
684 3490 955 3555 possideat.
985 3516 1055 3523 -—
1088 3490 1161 3538 De
1190 3490 1413 3539 vasallis:
1458 3491 1670 3540 Gautier
1709 3491 1967 3552 d'Ybelin,
2009 3491 2344 3539 marescalcus

167 3562 230 3611 de
258 3561 433 3627 Japhe,
474 3563 715 3612 Estienne
746 3565 807 3613 de
849 3563 1125 3627 Sauvegni,
1169 3564 1437 3630 Enyorran
1480 3565 1540 3613 de
1568 3564 1731 3627 Toisi,
1773 3566 2025 3630 ssaudoyn
2067 3566 2128 3613 dc
2172 3565 2342 3622 Surrc,

169 3636 424 3686 Gremont
452 3636 514 3685 de
545 3637 746 3703 Luque,
787 3639 1043 3703 Baudoyn
1072 3638 1132 3687 de
1163 3638 1369 3701 Corbie,
1412 3639 1581 3688 pierre
1625 3638 1885 3701 Laleman,
1930 3639 2045 3687 Huc
2076 3640 2136 3687 dc
2166 3639 2345 3687 'l‘rcics

170 3708 325 3771 (Paoli
355 3710 387 3773 I,
416 3726 464 3775 p.
505 3727 805 3777 151--153,
835 3713 934 3761 No.
977 3713 1100 3771 128;
1160 3712 1278 3760 Lois
1309 3711 1404 3776 [ed.
1436 3711 1689 3778 Beugnot]
1722 3713 1755 3772 Ι,
1788 3730 1834 3778 p.
1869 3714 1972 3761 608
2005 3720 2144 3771 not.).
2198 3711 2345 3759 1246

298 3800 325 3855 1)
371 3799 507 3843 Nunc
542 3799 706 3844 kemfis
743 3801 908 3855 (sheet
943 3801 1076 3855 XX),
1126 3810 1175 3844 ut
1214 3801 1423 3856 Condcr,
1463 3807 1627 3857 Quart.
1665 3804 1780 3848 Stat.
1825 3802 1952 3860 1890,
1992 3817 2032 3859 p.
2076 3818 2119 3861 [3¹
2169 3813 2343 3845 censet.

174 3860 209 3913 ²)
245 3858 325 3903 bet
348 3857 568 3903 er—rfisch
591 3860 741 3915 (sheet
765 3860 872 3914 XX)
890 3867 906 3903 'l
941 3860 1012 3903 Cf.
1042 3858 1371 3915 Quatremere,
1393 3861 1587 3906 Maltrizi
1615 3863 1696 3913 113,
1721 3876 1762 3919 p.
1790 3877 1885 3920 237.
2054 3867 2089 3907 ³)
2124 3862 2344 3905 (lotulc1·:

173 3916 482 3962 er—ruheibeh
506 3932 656 3976 prope
683 3920 984 3963 Beersebam.
1132 3922 1169 3974 ⁴)
1204 3920 1418 3964 ‹jomim-2
1446 3923 1583 3965 hezza
1610 3922 1765 3975 (slicct
1791 3921 1929 3973 XN'l).
