2684 4244
328 193 425 242 134
1258 170 1549 229 Regesta

391 350 620 416 <1173?)
656 352 788 401 Nov.
833 380 906 386 —
948 351 1172 415 Omar,1)
1216 350 1350 401 filius
1394 353 1649 417 Sceneste,
1692 352 1857 402 fidelis
1899 353 2141 418 Saladini,
2187 355 2488 406 consulibus

319 427 624 476 Pisanorum
651 426 790 474 idem
819 426 881 474 de
910 426 1091 475 eadem
1119 442 1171 475 re
1199 426 1371 475 scribit
1398 426 1608 490 (Amari,
1638 427 1655 476 Ι
1684 427 1903 493 diplomi
1927 428 2081 492 arabi,
2111 445 2159 494 p.
2183 430 2304 494 263,
2333 430 2434 479 No.
2457 446 2487 494 9

321 499 397 565 [cf.
414 517 462 567 p.
479 498 629 564 460];
651 499 813 563 Lami,
830 499 990 548 Delic.
1008 500 1260 565 erudit.V,
1276 517 1325 566 p.
1346 502 1640 566 205—2063
1663 501 1724 551 cf.
1742 501 1964 550 Fanucci
1979 502 2036 566 II,
2053 518 2101 568 p.
2117 503 2352 566 86-87).
2372 501 2489 552 509

443 584 471 640 1)
506 582 636 627 Takf
657 583 833 627 ed—dsn
857 583 1008 628 Omar
1028 583 1111 627 ibn
1134 583 1505 636 Schahinschah,
1529 598 1680 643 nepos
1706 584 1928 629 Saladini.

391 662 409 725 (
472 698 505 723 „
574 659 861 726 [?]—1243
891 661 970 725 c.).
994 691 1060 697 —
1079 662 1452 727 Eleemosinae,
1473 663 1778 728 emptiones,
1798 662 2233 729 confirmationeS,
2252 680 2491 716 commu-

318 736 534 786 tationes
563 748 610 784 et
638 735 915 801 privilegia,
936 752 1068 801 quae
1097 737 1287 786 domus
1314 736 1364 786 S.
1382 737 1571 786 Mariae
1589 737 2043 787 Theutonicorum
2060 739 2114 788 in
2130 739 2292 788 Terra
2310 738 2492 789 Sancta

320 810 512 876 accepit
541 825 710 874 neque
738 822 912 859 tamen
940 810 992 859 in
1023 810 1206 859 chartis
1246 811 1397 860 nobis
1438 810 1572 860 notis
1613 811 1858 862 invenias,
1887 840 1960 846 -—
1988 812 2054 875 (1)
2084 813 2242 878 Apud
2270 825 2493 863 castrum

319 884 474 948 Regis
512 883 661 932 vinea
700 883 899 933 domini
939 884 1112 934 Jacobi
1139 883 1466 950 Tripolitani,
1512 900 1646 950 quae
1673 885 1765 934 sita
1794 898 1867 935 est
1895 884 2033 950 juxta
2060 886 2264 936 vineam
2292 885 2494 936 domini

317 959 642 1007 Boonecasae
683 957 880 1023 antiqui
919 971 1095 1008 contra
1135 958 1268 1007 viam
1310 959 1372 1007 de
1399 959 1611 1022 Buchel,
1653 957 1719 1022 (2)
1748 960 1789 1008 ΙΙ
1817 960 1974 1009 frusta
2000 973 2160 1010 terrae
2188 961 2252 1010 de
2280 959 2493 1010 domina

318 1033 381 1081 de
409 1036 645 1081 Amerun
673 1044 824 1096 emta,
855 1048 1084 1098 quorum
1125 1048 1292 1081 unum
1326 1032 1479 1081 situm
1512 1045 1585 1081 est
1612 1049 1768 1099 super
1796 1034 1998 1083 vineam
2026 1035 2227 1084 domini
2254 1035 2493 1084 Andreae

318 1106 371 1155 in
399 1106 479 1154 via
507 1106 570 1155 de
598 1105 872 1171 Tertille,1)
914 1105 1134 1155 alterum
1173 1104 1308 1169 juxta
1337 1106 1541 1155 vineam
1568 1107 1630 1155 de
1660 1123 1798 1156 novo
1834 1108 2107 1173 plantatam
2141 1108 2344 1159 domini
2372 1109 2494 1158 Ber-

319 1180 464 1229 nardi
495 1179 674 1229 Divitis
702 1197 858 1246 super
885 1196 1076 1245 cavam,
1097 1181 1286 1230 domus
1314 1181 1376 1229 ab
1403 1181 1579 1229 eadem
1601 1181 1816 1231 domina
1845 1195 1979 1231 emta
2007 1195 2055 1231 et
2083 1198 2245 1249 prope
2273 1183 2494 1233 domum

318 1254 688 1320 archiepiscopi
707 1256 769 1304 de
788 1255 1038 1304 Nazareth
1058 1254 1167 1318 sita,
1189 1253 1254 1319 (3)
1275 1254 1497 1304 frustum
1515 1267 1674 1304 terrae
1693 1255 1756 1304 de
1776 1271 1935 1305 uxore
1954 1255 2157 1306 Odonis
2183 1257 2245 1306 de
2275 1256 2494 1307 Furhun

319 1342 469 1392 emta,
500 1329 644 1394 quod
682 1328 838 1379 situm
878 1341 951 1378 est
989 1327 1126 1393 juxta
1163 1340 1350 1377 terram
1391 1328 1591 1378 domini
1631 1329 1892 1380 Guidonis
1925 1331 1989 1379 de
2017 1330 2198 1397 Renay
2217 1330 2254 1394 2)
2283 1330 2338 1380 in
2364 1341 2495 1380 terra

320 1404 463 1467 Alba,
500 1415 547 1452 et
575 1403 1032 1469 propugnaculum
1071 1403 1175 1452 sive
1215 1403 1513 1467 barbacana,
1544 1404 1689 1468 quod
1730 1404 2036 1470 contiguum
2075 1417 2148 1454 est
2185 1406 2496 1454 barbacanae

319 1477 579 1527 Guidonis
608 1478 671 1526 de
701 1477 897 1544 Renay,
935 1478 1152 1526 cisterna
1180 1493 1359 1542 aquae,
1401 1493 1533 1542 quae
1573 1490 1648 1527 est
1682 1491 1797 1527 ante
1826 1479 2046 1528 domum
2074 1477 2497 1543 Ferrei-brachei,

319 1553 510 1602 domus
529 1568 648 1601 cum
669 1551 900 1616 cisterna,
920 1568 1051 1618 quae
1079 1552 1133 1601 in
1153 1553 1314 1601 domo
1343 1564 1416 1600 est
1443 1550 1581 1616 juxta
1599 1552 1819 1602 domum
1837 1553 2038 1602 domini
2056 1553 2301 1619 Symonis
2319 1552 2494 1604 Galio-

318 1627 433 1675 thae
461 1626 572 1690 sita,
603 1625 668 1689 (4)
697 1638 801 1675 tota
828 1624 1063 1691 ejusdem
1097 1626 1326 1676 Simonis
1355 1625 1624 1676 Galiothae
1652 1626 1921 1692 hereditaS,
1964 1626 2029 1692 (5)
2058 1627 2121 1677 III
2147 1627 2310 1694 petiae
2336 1639 2497 1677 terrae

319 1702 380 1749 ab
408 1716 569 1750 uxore
598 1699 799 1749 domini
830 1700 1088 1750 Wernerii
1118 1701 1180 1750 de
1214 1700 1353 1750 Paris
1379 1701 1631 1765 venditae,
1662 1717 1885 1766 quarum
1924 1701 2090 1768 prima
2127 1701 2219 1751 sita
2257 1714 2330 1751 est
2367 1701 2499 1750 infra

319 1789 504 1824 terram
540 1774 693 1823 Rauli
731 1774 905 1824 militis
944 1788 992 1824 et
1030 1775 1221 1841 Joseph
1261 1775 1617 1840 dominorum,
1661 1777 1887 1825 secunda
1930 1777 2068 1842 apud
2112 1775 2308 1825 fontem
2351 1774 2499 1825 villae

319 1848 567 1898 Terschia
596 1849 756 1898 dictae
786 1862 834 1899 et
860 1862 1020 1898 terrae
1049 1849 1099 1899 S.
1117 1848 1387 1915 Sepulchri
1407 1850 1667 1915 contigua,
1686 1850 1830 1899 tertia
1849 1850 1901 1899 in
1920 1850 2080 1899 divisa
2098 1850 2245 1900 villae
2264 1849 2498 1900 Sivenete
2576 1879 2579 1881 ,

322 1924 482 1973 dictae
522 1939 678 1989 super
704 1923 839 1972 viam
869 1924 932 1973 de
963 1928 1140 1973 Accon
1169 1923 1307 1988 juxta
1333 1937 1518 1973 terram
1548 1924 1808 1975 Guidonis
1847 1925 1910 1974 de
1951 1924 2132 1991 Renay
2169 1924 2277 1989 sita,
2317 1924 2498 1974 hortus

322 1999 384 2047 ab
413 1998 592 2047 eadem
623 1998 836 2047 domina
864 2011 1031 2048 emtus
1059 2015 1181 2048 cum
1210 1999 1443 2063 cisterna,
1485 1998 1576 2064 qui
1614 2015 1770 2065 super
1808 1999 2017 2048 hortum
2056 1997 2497 2048 Brachs-de-ferre

323 2073 448 2122 situs
489 2084 579 2139 est,
619 2084 667 2121 et
700 2073 890 2122 domus
917 2071 1054 2138 juxta
1093 2087 1315 2122 veterem
1355 2073 1550 2122 curiam
1589 2073 1697 2138 sita,
1740 2072 1805 2136 (6)
1834 2074 1980 2122 vinea
2009 2091 2037 2122 a
2063 2073 2278 2123 domina
2316 2072 2498 2123 Dulcia

323 2147 528 2196 vendita
556 2160 603 2196 et
630 2147 761 2196 inter
787 2147 961 2196 vineas
1000 2147 1230 2214 episcopi
1258 2159 1307 2197 et
1337 2145 1608 2213 cujusdam
1647 2147 1885 2197 balistarii
1915 2148 2007 2197 sita
2039 2155 2247 2198 necnon
2274 2147 2315 2197 ΙΙ
2343 2146 2501 2197 frusta

322 2234 498 2286 terrae,
518 2237 747 2287 quorum
774 2221 1003 2288 primum
1023 2222 1180 2271 situm
1208 2236 1281 2271 est
1307 2238 1463 2288 super
1488 2234 1674 2271 terram
1702 2222 1903 2271 domini
1930 2221 2063 2271 Petri
2091 2222 2310 2272 Markise
2339 2221 2392 2270 in
2420 2220 2500 2270 via

322 2295 468 2345 villae
497 2296 560 2345 de
589 2296 772 2361 FeneS,
802 2296 1021 2345 alterum
1050 2312 1206 2363 super
1232 2296 1437 2346 vineam
1465 2296 1634 2346 rufam
1658 2296 1904 2346 Bernardi
1923 2296 2121 2361 Divitis,
2151 2295 2218 2360 (7)
2237 2296 2277 2346 11
2295 2296 2500 2359 domuS,

323 2387 547 2436 quarum
575 2370 716 2436 prior
744 2371 998 2420 destructa
1036 2371 1309 2420 cisternam
1347 2372 1515 2434 habet,
1556 2371 1708 2420 altera
1747 2371 1837 2420 sita
1871 2384 1944 2420 est
1971 2371 2102 2420 inter
2128 2368 2501 2437 archiepiscopi

323 2457 372 2494 et
400 2444 602 2494 domini
637 2445 852 2494 Henrici
891 2446 1095 2510 domOS,
1138 2445 1204 2509 (8)
1235 2446 1381 2495 vinea
1409 2462 1436 2494 a
1463 2444 1566 2494 filia
1607 2444 1848 2510 Hugonis
1890 2445 2078 2495 Merlin
2116 2445 2338 2510 vendita,
2367 2460 2500 2510 quae

323 2520 455 2569 inter
494 2519 733 2569 balistarii
761 2532 809 2568 et
838 2520 968 2569 Petri
997 2520 1059 2569 de
1090 2519 1320 2570 Schalun
1356 2519 1529 2568 vineas
1557 2519 1648 2569 sita
1678 2532 1765 2585 est,
1805 2519 1845 2569 ΙΙ
1874 2519 2032 2570 frusta
2059 2531 2238 2584 terrae,
2269 2534 2498 2585 quorum

323 2594 466 2660 prius
494 2595 590 2643 sub
619 2594 768 2643 vinea
798 2594 1023 2659 Martini,
1053 2595 1270 2644 alterum
1298 2610 1454 2661 super
1469 2594 1675 2643 vineam
1693 2594 1859 2643 rufam
1879 2594 2126 2644 Bernardi
2147 2593 2328 2643 Divitis
2343 2592 2501 2643 situm

323 2681 412 2732 est,
454 2681 502 2718 et
530 2669 736 2732 domuS,
766 2684 899 2734 quae
928 2681 1001 2718 est
1028 2681 1163 2718 retro
1192 2670 1416 2719 domum
1444 2668 1654 2719 Galterii
1685 2681 1860 2718 contra
1888 2669 2109 2718 domum
2136 2667 2403 2735 Stephani,
2433 2665 2500 2732 (9)

324 2744 514 2792 domus
541 2760 569 2792 a
598 2743 815 2792 domino
854 2744 1078 2792 Abraam
1116 2743 1307 2793 Furnir
1344 2743 1564 2807 vendita,
1606 2759 1738 2808 quae
1778 2744 1908 2792 inter
1948 2742 2155 2792 Martini
2194 2742 2416 2793 domum
2453 2753 2502 2791 et

323 2818 534 2867 hortum
546 2817 812 2867 Guillelmi
824 2818 1078 2882 Malinger
1095 2817 1188 2867 sita
1206 2831 1295 2883 est,
1317 2831 1364 2867 et
1381 2830 1498 2884 post
1517 2818 1734 2867 eandem
1751 2818 1971 2867 domum
1987 2819 2168 2867 hortus
2182 2831 2500 2883 parvuS,quo

324 2892 504 2941 insunt
531 2892 570 2941 II
599 2892 862 2957 cisternae,
894 2891 996 2955 (10)
1026 2893 1208 2942 hortus
1235 2909 1262 2941 a
1281 2892 1493 2942 domina
1513 2891 1805 2942 Guncelina
1821 2892 2060 2941 venditus
2079 2903 2127 2941 et
2142 2891 2272 2941 ultra
2289 2891 2502 2941 hortum

324 2966 526 3016 domini
544 2967 675 3015 Petri
695 2966 948 3016 Marchise
976 2965 1118 3031 situS,
1149 2966 1190 3030 (1
1214 2967 1253 3030 1)
1283 2967 1503 3016 frustum
1534 2979 1692 3016 terrae
1721 2968 1782 3015 ab
1800 2967 2053 3031 Johanne,
2083 2965 2190 3015 filio
2220 2964 2409 3015 Marini
2436 2964 2501 3014 de

322 3041 484 3105 Jader,
500 3040 769 3090 venditum
797 3053 846 3090 et
872 3041 1002 3090 ultra
1030 3041 1234 3090 vineam
1252 3042 1424 3091 Jacobi
1454 3042 1516 3090 de
1544 3041 1723 3106 Triple
1751 3041 1923 3105 situm,
1956 3040 2060 3103 (12)
2088 3040 2238 3089 vinea
2265 3040 2327 3088 ab
2354 3039 2501 3088 Hen-

323 3114 446 3180 ric0,
477 3114 828 3181 dispensatore
857 3114 1103 3182 episcopi,
1133 3116 1338 3165 vendita
1367 3128 1415 3165 et
1442 3115 1495 3164 in
1522 3115 1602 3164 via
1631 3115 1826 3181 Suphie
1859 3115 1951 3164 sita
1978 3115 2262 3179 vineaeque
2290 3112 2500 3164 Galterii

324 3189 586 3255 contigua,
617 3205 825 3239 necnon
855 3190 1045 3239 domus
1074 3202 1249 3239 contra
1285 3190 1505 3239 domum
1544 3189 1916 3255 archiepiscopi
1944 3189 2036 3238 sita
2063 3200 2111 3238 et
2138 3199 2254 3254 post
2281 3187 2498 3237 eandem

323 3264 504 3313 hortus
533 3276 581 3313 et
608 3263 823 3313 cisterna
862 3280 1024 3331 prope
1064 3264 1276 3314 hortum
1318 3264 1531 3328 Rogerii
1559 3264 1685 3314 situs
1714 3276 1762 3313 et
1789 3263 1850 3312 III
1879 3263 2042 3329 petiae
2069 3275 2247 3327 terrae,
2277 3276 2502 3327 quarum

323 3338 489 3404 prima
517 3338 656 3404 apud
685 3338 950 3388 ecclesiam
979 3338 1029 3388 S.
1052 3339 1241 3388 Mariae
1272 3339 1627 3403 Magdalenae,
1656 3338 1885 3387 secunda
1911 3353 2067 3403 super
2092 3336 2298 3386 vineam
2327 3334 2502 3386 uxoris

324 3412 527 3462 domini
547 3412 771 3476 Martini,
801 3413 945 3462 tertia
972 3414 1069 3462 sub
1099 3413 1246 3462 vinea
1274 3412 1646 3479 archiepiscopi
1674 3412 1765 3462 sita
1794 3425 1883 3476 est,
1913 3410 2016 3477 (13)
2036 3412 2225 3461 domus
2243 3427 2270 3460 a
2289 3409 2502 3460 domina

322 3487 523 3536 Juliana
543 3487 579 3550 3)
608 3487 813 3536 vendita
842 3499 890 3536 et
918 3503 1080 3553 prope
1110 3488 1330 3537 domum
1366 3487 1695 3554 leprosorum
1734 3487 1842 3550 sita,
1883 3484 1986 3551 (14)
2027 3485 2066 3534 II
2095 3485 2254 3535 frusta
2285 3497 2446 3535 terrae
2473 3501 2501 3534 a

325 3562 539 3611 domina
569 3562 839 3626 Margarita
872 3560 1093 3626 vendita,
1135 3562 1194 3610 llI
1223 3563 1413 3611 domus
1442 3574 1490 3611 et
1517 3562 1715 3625 hortus,
1757 3560 1860 3625 (15)
1889 3560 1928 3609 lI
1954 3559 2133 3609 vineae
2161 3577 2189 3609 a
2217 3557 2501 3610 Guillelmo

323 3636 533 3685 Tabach
576 3635 840 3700 venditae,
886 3636 1069 3685 hortus
1113 3637 1251 3701 apud
1289 3636 1527 3685 Therum
1578 3648 1625 3685 et
1674 3635 1802 3684 alius
1844 3635 2026 3684 hortus
2068 3634 2207 3700 apud
2249 3646 2502 3683 turonum

324 3726 701 3776 suspensorum
728 3727 935 3760 necnon
964 3710 1171 3774 domus,
1202 3710 1305 3773 (16)
1333 3710 1483 3759 vinea
1510 3727 1537 3759 a
1565 3708 1842 3773 Robelino,
1872 3707 1979 3757 filio
2006 3707 2271 3758 Guillelmi
2299 3706 2502 3771 sutoris,

323 3783 594 3849 vendita,(1
609 3784 656 3848 7)
672 3785 917 3834 medietas
934 3784 1225 3834 molendini
1243 3801 1270 3833 a
1287 3784 1461 3850 pueris
1479 3783 1725 3833 Bernardi
1745 3782 1926 3832 Divitis
1945 3795 1991 3832 et
2008 3782 2281 3847 Reinaldo,
2299 3779 2501 3831 sororio

452 3900 484 3951 ¹)
518 3897 695 3954 Aperte
719 3896 1061 3955 corrigendum
1085 3907 1156 3942 est
1179 3896 1423 3954 Terfil(l)e.
1565 3896 1598 3953 2)
1630 3894 1758 3939 Alias
1780 3896 1950 3955 Ronay
1970 3903 2185 3940 vocatus.
2310 3893 2345 3951 ³)
2378 3893 2501 3938 Cae-

327 3956 551 4003 sariensi?
577 3956 648 4000 Cf.
675 3957 909 4017 Strehlke,
931 3971 975 4016 p.
1000 3972 1191 4019 32—33,
1214 3958 1304 4003 No.
1327 3968 1410 4016 40:
1434 3957 1569 4002 Febr.
1601 3956 1722 4001 1206.
