<?xml version="1.0" encoding="UTF-8"?>
<!DOCTYPE html PUBLIC "-//W3C//DTD XHTML 1.0 Transitional//EN"
    "http://www.w3.org/TR/xhtml1/DTD/xhtml1-transitional.dtd">
<html xmlns="http://www.w3.org/1999/xhtml" xml:lang="en" lang="en">
 <head>
  <title>
</title>
<meta http-equiv="Content-Type" content="text/html;charset=utf-8" />
  <meta name='ocr-system' content='tesseract 3.04.00' />
  <meta name='ocr-capabilities' content='ocr_page ocr_carea ocr_par ocr_line ocrx_word'/>
</head>
<body>
  <div class='ocr_page' id='page_1' title='image "./registaregnihier00rhuoft_0347.png"; bbox 0 0 2684 4244; ppageno 0'>
   <div class='ocr_carea' id='block_1_1' title="bbox 880 146 2264 214">
    <p class='ocr_par' dir='ltr' id='par_1_1' title="bbox 880 146 2264 214">
     <span class='ocr_line' id='line_1_1' title="bbox 880 146 2264 214; baseline 0.01 -23"><span class='ocrx_word' id='word_1_1' title='bbox 880 147 1009 205; x_wconf 85' lang='lat' dir='ltr'>regni</span> <span class='ocrx_word' id='word_1_2' title='bbox 1034 146 1469 205; x_wconf 76' lang='lat' dir='ltr'>Hierosolymitani.</span> <span class='ocrx_word' id='word_1_3' title='bbox 2165 165 2264 214; x_wconf 73' lang='lat'>339</span> 
     </span>
    </p>
   </div>
   <div class='ocr_carea' id='block_1_2' title="bbox 97 227 357 236">
    <p class='ocr_par' dir='ltr' id='par_1_2' title="bbox 97 227 357 236">
     <span class='ocr_line' id='line_1_2' title="bbox 97 227 357 236; baseline 0 4008"><span class='ocrx_word' id='word_1_4' title='bbox 97 227 357 236; x_wconf 95' lang='lat' dir='ltr'> </span> 
     </span>
    </p>
   </div>
   <div class='ocr_carea' id='block_1_3' title="bbox 94 328 2272 621">
    <p class='ocr_par' dir='ltr' id='par_1_3' title="bbox 94 328 2272 621">
     <span class='ocr_line' id='line_1_3' title="bbox 96 328 2272 398; baseline -0.003 -16"><span class='ocrx_word' id='word_1_5' title='bbox 96 333 262 383; x_wconf 88' lang='lat' dir='ltr'>linum</span> <span class='ocrx_word' id='word_1_6' title='bbox 301 333 615 395; x_wconf 87' lang='lat' dir='ltr'>Romanum,</span> <span class='ocrx_word' id='word_1_7' title='bbox 656 344 1039 398; x_wconf 87' lang='lat' dir='ltr'>procuratorem</span> <span class='ocrx_word' id='word_1_8' title='bbox 1082 330 1274 379; x_wconf 89' lang='lat' dir='ltr'>abbatis</span> <span class='ocrx_word' id='word_1_9' title='bbox 1315 343 1361 378; x_wconf 89' lang='lat' dir='ltr'>et</span> <span class='ocrx_word' id='word_1_10' title='bbox 1402 342 1689 379; x_wconf 90' lang='lat' dir='ltr'>conventus</span> <span class='ocrx_word' id='word_1_11' title='bbox 1730 332 1784 379; x_wconf 78' lang='lat' dir='ltr'>B.</span> <span class='ocrx_word' id='word_1_12' title='bbox 1817 329 2006 378; x_wconf 86' lang='lat' dir='ltr'>Mariae</span> <span class='ocrx_word' id='word_1_13' title='bbox 2051 328 2112 377; x_wconf 94' lang='lat' dir='ltr'>de</span> <span class='ocrx_word' id='word_1_14' title='bbox 2146 329 2272 376; x_wconf 86' lang='lat' dir='ltr'>valle</span> 
     </span>
     <span class='ocr_line' id='line_1_4' title="bbox 95 402 2271 473; baseline -0.003 -16"><span class='ocrx_word' id='word_1_15' title='bbox 95 406 353 473; x_wconf 83' lang='lat' dir='ltr'>Josaphat,</span> <span class='ocrx_word' id='word_1_16' title='bbox 384 423 557 456; x_wconf 90' lang='lat' dir='ltr'>coram</span> <span class='ocrx_word' id='word_1_17' title='bbox 585 424 636 455; x_wconf 92' lang='lat' dir='ltr'>se</span> <span class='ocrx_word' id='word_1_18' title='bbox 666 418 713 455; x_wconf 90' lang='lat' dir='ltr'>et</span> <span class='ocrx_word' id='word_1_19' title='bbox 739 406 951 455; x_wconf 90' lang='lat' dir='ltr'>testibus</span> <span class='ocrx_word' id='word_1_20' title='bbox 980 405 1310 470; x_wconf 81' lang='lat' dir='ltr'>infrascriptis</span> <span class='ocrx_word' id='word_1_21' title='bbox 1328 404 1584 467; x_wconf 87' lang='lat' dir='ltr'>Thomae,</span> <span class='ocrx_word' id='word_1_22' title='bbox 1615 403 1859 470; x_wconf 91' lang='lat' dir='ltr'>episcopo</span> <span class='ocrx_word' id='word_1_23' title='bbox 1891 402 2271 452; x_wconf 88' lang='lat' dir='ltr'>Bethlemitano</span> 
     </span>
     <span class='ocr_line' id='line_1_5' title="bbox 95 477 2272 546; baseline -0.003 -16"><span class='ocrx_word' id='word_1_24' title='bbox 95 498 151 530; x_wconf 88' lang='lat' dir='ltr'>ac</span> <span class='ocrx_word' id='word_1_25' title='bbox 170 481 315 531; x_wconf 87' lang='lat' dir='ltr'>Sedis</span> <span class='ocrx_word' id='word_1_26' title='bbox 332 480 660 546; x_wconf 90' lang='lat' dir='ltr'>Apostolicae</span> <span class='ocrx_word' id='word_1_27' title='bbox 689 480 875 544; x_wconf 88' lang='lat' dir='ltr'>legato,</span> <span class='ocrx_word' id='word_1_28' title='bbox 906 480 1173 545; x_wconf 86' lang='lat' dir='ltr'>epistolam</span> <span class='ocrx_word' id='word_1_29' title='bbox 1199 478 1476 528; x_wconf 81' lang='lat' dir='ltr'>Alexandri</span> <span class='ocrx_word' id='word_1_30' title='bbox 1506 479 1571 528; x_wconf 91' lang='lat' dir='ltr'>IV</span> <span class='ocrx_word' id='word_1_31' title='bbox 1601 478 2000 544; x_wconf 87' lang='lat' dir='ltr'>praesentavisse</span> <span class='ocrx_word' id='word_1_32' title='bbox 2030 477 2272 525; x_wconf 82' lang='lat' dir='ltr'>insertam</span> 
     </span>
     <span class='ocr_line' id='line_1_6' title="bbox 94 549 2272 621; baseline -0.003 -17"><span class='ocrx_word' id='word_1_33' title='bbox 94 583 167 590; x_wconf 87' lang='lat'>——</span> <span class='ocrx_word' id='word_1_34' title='bbox 200 555 379 604; x_wconf 89' lang='lat' dir='ltr'>Testes</span> <span class='ocrx_word' id='word_1_35' title='bbox 407 568 463 604; x_wconf 92' lang='lat' dir='ltr'>ut</span> <span class='ocrx_word' id='word_1_36' title='bbox 491 572 644 621; x_wconf 91' lang='lat' dir='ltr'>supra</span> <span class='ocrx_word' id='word_1_37' title='bbox 673 555 774 604; x_wconf 92' lang='lat' dir='ltr'>No.</span> <span class='ocrx_word' id='word_1_38' title='bbox 815 570 946 618; x_wconf 80' lang='lat'>¹292</span> <span class='ocrx_word' id='word_1_39' title='bbox 979 554 1303 617; x_wconf 87' lang='lat' dir='ltr'>(Delaborde,</span> <span class='ocrx_word' id='word_1_40' title='bbox 1339 569 1388 618; x_wconf 89' lang='lat' dir='ltr'>p.</span> <span class='ocrx_word' id='word_1_41' title='bbox 1428 554 1725 616; x_wconf 81' lang='lat'>108—109,</span> <span class='ocrx_word' id='word_1_42' title='bbox 1762 554 1862 603; x_wconf 89' lang='lat' dir='ltr'>No.</span> <span class='ocrx_word' id='word_1_43' title='bbox 1905 552 2002 617; x_wconf 87' lang='lat'>52).</span> <span class='ocrx_word' id='word_1_44' title='bbox 2125 549 2272 598; x_wconf 86' lang='lat'>1293</span> 
     </span>
    </p>
   </div>
   <div class='ocr_carea' id='block_1_4' title="bbox 93 646 2276 1384">
    <p class='ocr_par' dir='ltr' id='par_1_4' title="bbox 93 646 2276 1384">
     <span class='ocr_line' id='line_1_7' title="bbox 197 646 2275 715; baseline 0 -20"><span class='ocrx_word' id='word_1_45' title='bbox 197 646 347 696; x_wconf 90' lang='lat'>1260</span> <span class='ocrx_word' id='word_1_46' title='bbox 376 649 499 698; x_wconf 89' lang='lat' dir='ltr'>Dec.</span> <span class='ocrx_word' id='word_1_47' title='bbox 540 666 618 715; x_wconf 89' lang='lat'>10,</span> <span class='ocrx_word' id='word_1_48' title='bbox 660 649 766 697; x_wconf 88' lang='lat' dir='ltr'>ind.</span> <span class='ocrx_word' id='word_1_49' title='bbox 798 648 876 697; x_wconf 93' lang='lat' dir='ltr'>III.</span> <span class='ocrx_word' id='word_1_50' title='bbox 919 649 1044 714; x_wconf 87' lang='lat' dir='ltr'>Tyri</span> <span class='ocrx_word' id='word_1_51' title='bbox 1075 648 1127 697; x_wconf 92' lang='lat' dir='ltr'>in</span> <span class='ocrx_word' id='word_1_52' title='bbox 1161 647 1347 714; x_wconf 90' lang='lat' dir='ltr'>palatio</span> <span class='ocrx_word' id='word_1_53' title='bbox 1389 647 1684 696; x_wconf 92' lang='lat' dir='ltr'>communis</span> <span class='ocrx_word' id='word_1_54' title='bbox 1726 648 1934 711; x_wconf 89' lang='lat' dir='ltr'>Januae,</span> <span class='ocrx_word' id='word_1_55' title='bbox 1966 647 2054 695; x_wconf 88' lang='lat' dir='ltr'>ubi</span> <span class='ocrx_word' id='word_1_56' title='bbox 2083 647 2275 711; x_wconf 89' lang='lat' dir='ltr'>regitur</span> 
     </span>
     <span class='ocr_line' id='line_1_8' title="bbox 95 721 2274 788; baseline -0.001 -16"><span class='ocrx_word' id='word_1_57' title='bbox 95 721 387 772; x_wconf 88' lang='lat' dir='ltr'>consilium.</span> <span class='ocrx_word' id='word_1_58' title='bbox 418 752 490 758; x_wconf 94' lang='lat'>—</span> <span class='ocrx_word' id='word_1_59' title='bbox 517 724 737 772; x_wconf 91' lang='lat' dir='ltr'>Jacobus</span> <span class='ocrx_word' id='word_1_60' title='bbox 767 722 984 788; x_wconf 91' lang='lat' dir='ltr'>Spinula</span> <span class='ocrx_word' id='word_1_61' title='bbox 1003 734 1050 771; x_wconf 91' lang='lat' dir='ltr'>et</span> <span class='ocrx_word' id='word_1_62' title='bbox 1071 722 1382 772; x_wconf 90' lang='lat' dir='ltr'>Guillelmus</span> <span class='ocrx_word' id='word_1_63' title='bbox 1403 722 1464 770; x_wconf 92' lang='lat' dir='ltr'>de</span> <span class='ocrx_word' id='word_1_64' title='bbox 1485 721 1794 785; x_wconf 88' lang='lat' dir='ltr'>Savignano,</span> <span class='ocrx_word' id='word_1_65' title='bbox 1817 722 2056 770; x_wconf 89' lang='lat' dir='ltr'>consules</span> <span class='ocrx_word' id='word_1_66' title='bbox 2076 734 2123 770; x_wconf 91' lang='lat' dir='ltr'>et</span> <span class='ocrx_word' id='word_1_67' title='bbox 2141 722 2274 771; x_wconf 88' lang='lat' dir='ltr'>vice—</span> 
     </span>
     <span class='ocr_line' id='line_1_9' title="bbox 96 795 2272 863; baseline 0 -18"><span class='ocrx_word' id='word_1_68' title='bbox 96 797 309 846; x_wconf 86' lang='lat' dir='ltr'>comites</span> <span class='ocrx_word' id='word_1_69' title='bbox 327 798 668 847; x_wconf 90' lang='lat' dir='ltr'>Januensium</span> <span class='ocrx_word' id='word_1_70' title='bbox 689 797 878 863; x_wconf 78' lang='lat' dir='ltr'>Syriae,</span> <span class='ocrx_word' id='word_1_71' title='bbox 910 809 1267 862; x_wconf 81' lang='lat' dir='ltr'>procuratores</span> <span class='ocrx_word' id='word_1_72' title='bbox 1296 795 1590 845; x_wconf 90' lang='lat' dir='ltr'>Fresonum</span> <span class='ocrx_word' id='word_1_73' title='bbox 1623 796 1972 845; x_wconf 88' lang='lat' dir='ltr'>Mallocellum</span> <span class='ocrx_word' id='word_1_74' title='bbox 2002 809 2048 844; x_wconf 87' lang='lat' dir='ltr'>et</span> <span class='ocrx_word' id='word_1_75' title='bbox 2075 796 2272 845; x_wconf 90' lang='lat' dir='ltr'>Johan-</span> 
     </span>
     <span class='ocr_line' id='line_1_10' title="bbox 94 869 2272 936; baseline -0 -16"><span class='ocrx_word' id='word_1_76' title='bbox 94 886 214 920; x_wconf 91' lang='lat' dir='ltr'>nem</span> <span class='ocrx_word' id='word_1_77' title='bbox 235 871 297 920; x_wconf 90' lang='lat' dir='ltr'>de</span> <span class='ocrx_word' id='word_1_78' title='bbox 317 871 588 936; x_wconf 90' lang='lat' dir='ltr'>Rovegno,</span> <span class='ocrx_word' id='word_1_79' title='bbox 609 871 742 920; x_wconf 89' lang='lat' dir='ltr'>cives</span> <span class='ocrx_word' id='word_1_80' title='bbox 761 872 1058 936; x_wconf 88' lang='lat' dir='ltr'>Januenses,</span> <span class='ocrx_word' id='word_1_81' title='bbox 1090 871 1304 935; x_wconf 86' lang='lat' dir='ltr'>eligunt,</span> <span class='ocrx_word' id='word_1_82' title='bbox 1336 870 1427 935; x_wconf 88' lang='lat' dir='ltr'>qui</span> <span class='ocrx_word' id='word_1_83' title='bbox 1458 869 1670 919; x_wconf 91' lang='lat' dir='ltr'>nomine</span> <span class='ocrx_word' id='word_1_84' title='bbox 1700 870 1997 919; x_wconf 91' lang='lat' dir='ltr'>communis</span> <span class='ocrx_word' id='word_1_85' title='bbox 2016 870 2272 934; x_wconf 82' lang='lat' dir='ltr'>Thomae,</span> 
     </span>
     <span class='ocr_line' id='line_1_11' title="bbox 94 944 2275 1011; baseline -0.001 -17"><span class='ocrx_word' id='word_1_86' title='bbox 94 945 339 1011; x_wconf 91' lang='lat' dir='ltr'>episcopo</span> <span class='ocrx_word' id='word_1_87' title='bbox 367 945 815 995; x_wconf 85' lang='lat' dir='ltr'>Bethlehemitano</span> <span class='ocrx_word' id='word_1_88' title='bbox 846 958 894 995; x_wconf 91' lang='lat' dir='ltr'>et</span> <span class='ocrx_word' id='word_1_89' title='bbox 922 945 1067 994; x_wconf 91' lang='lat' dir='ltr'>Sedis</span> <span class='ocrx_word' id='word_1_90' title='bbox 1097 944 1425 1010; x_wconf 90' lang='lat' dir='ltr'>Apostolicae</span> <span class='ocrx_word' id='word_1_91' title='bbox 1464 945 1648 1008; x_wconf 89' lang='lat' dir='ltr'>legato,</span> <span class='ocrx_word' id='word_1_92' title='bbox 1690 944 1858 993; x_wconf 81' lang='lat' dir='ltr'>literas</span> <span class='ocrx_word' id='word_1_93' title='bbox 1887 946 1948 993; x_wconf 90' lang='lat' dir='ltr'>ab</span> <span class='ocrx_word' id='word_1_94' title='bbox 1979 944 2275 1010; x_wconf 87' lang='lat' dir='ltr'>Apostolica</span> 
     </span>
     <span class='ocr_line' id='line_1_12' title="bbox 94 1019 2276 1086; baseline -0 -18"><span class='ocrx_word' id='word_1_95' title='bbox 94 1019 227 1069; x_wconf 86' lang='lat' dir='ltr'>Sede</span> <span class='ocrx_word' id='word_1_96' title='bbox 256 1020 545 1086; x_wconf 87' lang='lat' dir='ltr'>impetratas</span> <span class='ocrx_word' id='word_1_97' title='bbox 574 1033 914 1086; x_wconf 76' lang='lat' dir='ltr'>praesentent,</span> <span class='ocrx_word' id='word_1_98' title='bbox 946 1020 1036 1085; x_wconf 90' lang='lat' dir='ltr'>qui</span> <span class='ocrx_word' id='word_1_99' title='bbox 1077 1020 1139 1068; x_wconf 94' lang='lat' dir='ltr'>de</span> <span class='ocrx_word' id='word_1_100' title='bbox 1179 1019 1423 1068; x_wconf 90' lang='lat' dir='ltr'>mandato</span> <span class='ocrx_word' id='word_1_101' title='bbox 1464 1035 1642 1084; x_wconf 91' lang='lat' dir='ltr'>papae,</span> <span class='ocrx_word' id='word_1_102' title='bbox 1685 1031 1740 1067; x_wconf 92' lang='lat' dir='ltr'>ut</span> <span class='ocrx_word' id='word_1_103' title='bbox 1767 1019 1861 1067; x_wconf 87' lang='lat' dir='ltr'>sibi</span> <span class='ocrx_word' id='word_1_104' title='bbox 1891 1019 2199 1068; x_wconf 77' lang='lat' dir='ltr'>pisanorum</span> <span class='ocrx_word' id='word_1_105' title='bbox 2228 1032 2276 1067; x_wconf 88' lang='lat' dir='ltr'>et</span> 
     </span>
     <span class='ocr_line' id='line_1_13' title="bbox 95 1093 2275 1158; baseline -0.001 -14"><span class='ocrx_word' id='word_1_106' title='bbox 95 1094 416 1144; x_wconf 87' lang='lat' dir='ltr'>Venetorum</span> <span class='ocrx_word' id='word_1_107' title='bbox 445 1107 609 1143; x_wconf 89' lang='lat' dir='ltr'>turres</span> <span class='ocrx_word' id='word_1_108' title='bbox 638 1107 686 1143; x_wconf 92' lang='lat' dir='ltr'>et</span> <span class='ocrx_word' id='word_1_109' title='bbox 714 1094 978 1143; x_wconf 88' lang='lat' dir='ltr'>fortalitiae</span> <span class='ocrx_word' id='word_1_110' title='bbox 1007 1094 1070 1143; x_wconf 92' lang='lat' dir='ltr'>T.</span> <span class='ocrx_word' id='word_1_111' title='bbox 1093 1094 1304 1143; x_wconf 83' lang='lat' dir='ltr'>Sanctae</span> <span class='ocrx_word' id='word_1_112' title='bbox 1332 1093 1611 1156; x_wconf 86' lang='lat' dir='ltr'>tradantur,</span> <span class='ocrx_word' id='word_1_113' title='bbox 1642 1093 1987 1158; x_wconf 87' lang='lat' dir='ltr'>postulaverit.</span> <span class='ocrx_word' id='word_1_114' title='bbox 2022 1122 2087 1127; x_wconf 90' lang='lat'>——</span> <span class='ocrx_word' id='word_1_115' title='bbox 2118 1093 2275 1142; x_wconf 89' lang='lat' dir='ltr'>Octo—</span> 
     </span>
     <span class='ocr_line' id='line_1_14' title="bbox 95 1167 2273 1231; baseline -0 -15"><span class='ocrx_word' id='word_1_116' title='bbox 95 1169 266 1218; x_wconf 89' lang='lat' dir='ltr'>bonus</span> <span class='ocrx_word' id='word_1_117' title='bbox 305 1168 627 1218; x_wconf 90' lang='lat' dir='ltr'>Piccamilius</span> <span class='ocrx_word' id='word_1_118' title='bbox 668 1182 714 1218; x_wconf 90' lang='lat' dir='ltr'>et</span> <span class='ocrx_word' id='word_1_119' title='bbox 754 1169 1014 1217; x_wconf 88' lang='lat' dir='ltr'>Ansaldus</span> <span class='ocrx_word' id='word_1_120' title='bbox 1056 1168 1228 1217; x_wconf 92' lang='lat' dir='ltr'>Auric.</span> <span class='ocrx_word' id='word_1_121' title='bbox 1297 1168 1572 1218; x_wconf 90' lang='lat' dir='ltr'>Conradus</span> <span class='ocrx_word' id='word_1_122' title='bbox 1601 1167 1829 1231; x_wconf 87' lang='lat' dir='ltr'>Cagnata</span> <span class='ocrx_word' id='word_1_123' title='bbox 1864 1168 1925 1216; x_wconf 92' lang='lat' dir='ltr'>de</span> <span class='ocrx_word' id='word_1_124' title='bbox 1967 1168 2016 1216; x_wconf 92' lang='lat' dir='ltr'>S.</span> <span class='ocrx_word' id='word_1_125' title='bbox 2049 1168 2273 1231; x_wconf 89' lang='lat' dir='ltr'>Donato,</span> 
     </span>
     <span class='ocr_line' id='line_1_15' title="bbox 93 1241 2275 1309; baseline -0 -18"><span class='ocrx_word' id='word_1_126' title='bbox 93 1242 323 1292; x_wconf 87' lang='lat' dir='ltr'>notarius</span> <span class='ocrx_word' id='word_1_127' title='bbox 352 1242 570 1309; x_wconf 91' lang='lat' dir='ltr'>imperii,</span> <span class='ocrx_word' id='word_1_128' title='bbox 601 1242 798 1309; x_wconf 86' lang='lat' dir='ltr'>scripsit</span> <span class='ocrx_word' id='word_1_129' title='bbox 827 1243 1251 1304; x_wconf 88' lang='lat' dir='ltr'>(Tafel-Thomas</span> <span class='ocrx_word' id='word_1_130' title='bbox 1280 1243 1354 1306; x_wconf 89' lang='lat' dir='ltr'>Ill,</span> <span class='ocrx_word' id='word_1_131' title='bbox 1383 1259 1430 1308; x_wconf 89' lang='lat' dir='ltr'>p.</span> <span class='ocrx_word' id='word_1_132' title='bbox 1462 1258 1674 1306; x_wconf 84' lang='lat'>40—41</span> <span class='ocrx_word' id='word_1_133' title='bbox 1713 1241 1766 1290; x_wconf 91' lang='lat' dir='ltr'>in</span> <span class='ocrx_word' id='word_1_134' title='bbox 1805 1243 1904 1291; x_wconf 81' lang='lat' dir='ltr'>No,</span> <span class='ocrx_word' id='word_1_135' title='bbox 1941 1243 2071 1307; x_wconf 75' lang='lat'>3463</span> <span class='ocrx_word' id='word_1_136' title='bbox 2118 1242 2275 1303; x_wconf 88' lang='lat' dir='ltr'>Sauli,</span> 
     </span>
     <span class='ocr_line' id='line_1_16' title="bbox 95 1314 2276 1384; baseline -0.001 -18"><span class='ocrx_word' id='word_1_137' title='bbox 95 1316 317 1366; x_wconf 92' lang='lat' dir='ltr'>Colonie</span> <span class='ocrx_word' id='word_1_138' title='bbox 347 1317 403 1382; x_wconf 90' lang='lat' dir='ltr'>II,</span> <span class='ocrx_word' id='word_1_139' title='bbox 434 1334 483 1384; x_wconf 91' lang='lat' dir='ltr'>p.</span> <span class='ocrx_word' id='word_1_140' title='bbox 524 1333 649 1381; x_wconf 77' lang='lat'>1993</span> <span class='ocrx_word' id='word_1_141' title='bbox 694 1317 757 1367; x_wconf 92' lang='lat' dir='ltr'>G.</span> <span class='ocrx_word' id='word_1_142' title='bbox 790 1317 994 1381; x_wconf 75' lang='lat' dir='ltr'>Muller,</span> <span class='ocrx_word' id='word_1_143' title='bbox 1025 1334 1073 1383; x_wconf 89' lang='lat' dir='ltr'>p.</span> <span class='ocrx_word' id='word_1_144' title='bbox 1104 1318 1427 1382; x_wconf 77' lang='lat'><strong>455—4563</strong></span> <span class='ocrx_word' id='word_1_145' title='bbox 1459 1316 1517 1365; x_wconf 89' lang='lat' dir='ltr'>cf.</span> <span class='ocrx_word' id='word_1_146' title='bbox 1547 1316 1699 1382; x_wconf 90' lang='lat' dir='ltr'>Heyd</span> <span class='ocrx_word' id='word_1_147' title='bbox 1729 1316 1763 1381; x_wconf 91' lang='lat' dir='ltr'>I,</span> <span class='ocrx_word' id='word_1_148' title='bbox 1794 1333 1842 1382; x_wconf 92' lang='lat' dir='ltr'>p.</span> <span class='ocrx_word' id='word_1_149' title='bbox 1883 1317 2014 1381; x_wconf 83' lang='lat'>152).</span> <span class='ocrx_word' id='word_1_150' title='bbox 2127 1314 2276 1363; x_wconf 81' lang='lat'>1294</span> 
     </span>
    </p>
   </div>
   <div class='ocr_carea' id='block_1_5' title="bbox 93 1412 2277 1778">
    <p class='ocr_par' dir='ltr' id='par_1_5' title="bbox 93 1412 2277 1778">
     <span class='ocr_line' id='line_1_17' title="bbox 171 1412 2276 1478; baseline -0.001 -15"><span class='ocrx_word' id='word_1_151' title='bbox 171 1414 189 1478; x_wconf 93' lang='lat'>(</span> <span class='ocrx_word' id='word_1_152' title='bbox 254 1451 284 1477; x_wconf 94' lang='lat'><strong>„</strong></span> <span class='ocrx_word' id='word_1_153' title='bbox 364 1413 397 1476; x_wconf 86' lang='grc'>&gt;.</span> <span class='ocrx_word' id='word_1_154' title='bbox 427 1441 501 1448; x_wconf 96' lang='grc'>-</span> <span class='ocrx_word' id='word_1_155' title='bbox 530 1413 837 1475; x_wconf 85' lang='lat' dir='ltr'>(Alexander</span> <span class='ocrx_word' id='word_1_156' title='bbox 865 1413 947 1476; x_wconf 90' lang='lat' dir='ltr'>IV)</span> <span class='ocrx_word' id='word_1_157' title='bbox 978 1412 1186 1477; x_wconf 90' lang='lat' dir='ltr'>Olaoni,</span> <span class='ocrx_word' id='word_1_158' title='bbox 1227 1413 1334 1477; x_wconf 92' lang='lat' dir='ltr'>regi</span> <span class='ocrx_word' id='word_1_159' title='bbox 1361 1413 1714 1475; x_wconf 83' lang='lat' dir='ltr'>Tartarorum,</span> <span class='ocrx_word' id='word_1_160' title='bbox 1750 1412 2101 1476; x_wconf 68' lang='lat' dir='ltr'>congaudens,</span> <span class='ocrx_word' id='word_1_161' title='bbox 2132 1413 2276 1477; x_wconf 88' lang='lat' dir='ltr'>quod</span> 
     </span>
     <span class='ocr_line' id='line_1_18' title="bbox 95 1485 2277 1554; baseline -0.001 -17"><span class='ocrx_word' id='word_1_162' title='bbox 95 1504 186 1554; x_wconf 90' lang='lat' dir='ltr'>per</span> <span class='ocrx_word' id='word_1_163' title='bbox 228 1488 390 1554; x_wconf 88' lang='lat' dir='ltr'>ipsius</span> <span class='ocrx_word' id='word_1_164' title='bbox 431 1487 677 1537; x_wconf 88' lang='lat' dir='ltr'>nuntium</span> <span class='ocrx_word' id='word_1_165' title='bbox 716 1488 1010 1537; x_wconf 88' lang='lat' dir='ltr'>Johannem</span> <span class='ocrx_word' id='word_1_166' title='bbox 1050 1488 1339 1552; x_wconf 89' lang='lat' dir='ltr'>Ungarum,</span> <span class='ocrx_word' id='word_1_167' title='bbox 1381 1504 1433 1536; x_wconf 92' lang='lat' dir='ltr'>se</span> <span class='ocrx_word' id='word_1_168' title='bbox 1474 1486 1631 1536; x_wconf 91' lang='lat' dir='ltr'>fidem</span> <span class='ocrx_word' id='word_1_169' title='bbox 1671 1486 1999 1535; x_wconf 82' lang='lat' dir='ltr'>christianam</span> <span class='ocrx_word' id='word_1_170' title='bbox 2038 1485 2277 1552; x_wconf 90' lang='lat' dir='ltr'>amplecti</span> 
     </span>
     <span class='ocr_line' id='line_1_19' title="bbox 93 1562 2277 1628; baseline -0 -17"><span class='ocrx_word' id='word_1_171' title='bbox 93 1562 221 1612; x_wconf 93' lang='lat' dir='ltr'>velle</span> <span class='ocrx_word' id='word_1_172' title='bbox 237 1562 627 1612; x_wconf 87' lang='lat' dir='ltr'>confirmaverat</span> <span class='ocrx_word' id='word_1_173' title='bbox 638 1575 685 1611; x_wconf 91' lang='lat' dir='ltr'>et</span> <span class='ocrx_word' id='word_1_174' title='bbox 699 1563 1015 1611; x_wconf 89' lang='lat' dir='ltr'>sacerdotem</span> <span class='ocrx_word' id='word_1_175' title='bbox 1026 1562 1477 1611; x_wconf 89' lang='lat' dir='ltr'>transmittendum</span> <span class='ocrx_word' id='word_1_176' title='bbox 1488 1562 1741 1628; x_wconf 83' lang='lat' dir='ltr'>petiverat,</span> <span class='ocrx_word' id='word_1_177' title='bbox 1753 1562 2035 1626; x_wconf 83' lang='lat' dir='ltr'>gratulatur</span> <span class='ocrx_word' id='word_1_178' title='bbox 2050 1577 2277 1626; x_wconf 87' lang='lat' dir='ltr'>eumque</span> 
     </span>
     <span class='ocr_line' id='line_1_20' title="bbox 94 1636 2277 1703; baseline 0 -19"><span class='ocrx_word' id='word_1_179' title='bbox 94 1650 254 1701; x_wconf 88' lang='lat' dir='ltr'>rogat,</span> <span class='ocrx_word' id='word_1_180' title='bbox 298 1650 354 1687; x_wconf 91' lang='lat' dir='ltr'>ut</span> <span class='ocrx_word' id='word_1_181' title='bbox 393 1653 513 1686; x_wconf 89' lang='lat' dir='ltr'>cum</span> <span class='ocrx_word' id='word_1_182' title='bbox 553 1636 835 1702; x_wconf 88' lang='lat' dir='ltr'>patriarcha</span> <span class='ocrx_word' id='word_1_183' title='bbox 874 1637 1354 1703; x_wconf 88' lang='lat' dir='ltr'>Hierosolymitano</span> <span class='ocrx_word' id='word_1_184' title='bbox 1395 1637 1457 1685; x_wconf 92' lang='lat' dir='ltr'>de</span> <span class='ocrx_word' id='word_1_185' title='bbox 1498 1636 1766 1702; x_wconf 89' lang='lat' dir='ltr'>proposito</span> <span class='ocrx_word' id='word_1_186' title='bbox 1805 1652 1902 1685; x_wconf 89' lang='lat' dir='ltr'>suo</span> <span class='ocrx_word' id='word_1_187' title='bbox 1943 1636 2277 1701; x_wconf 88' lang='lat' dir='ltr'>exsequendo</span> 
     </span>
     <span class='ocr_line' id='line_1_21' title="bbox 95 1708 2277 1778; baseline -0.002 -18"><span class='ocrx_word' id='word_1_188' title='bbox 95 1724 208 1775; x_wconf 88' lang='lat' dir='ltr'>agat</span> <span class='ocrx_word' id='word_1_189' title='bbox 237 1710 524 1778; x_wconf 87' lang='lat' dir='ltr'>(Raynaldi,</span> <span class='ocrx_word' id='word_1_190' title='bbox 555 1710 744 1760; x_wconf 87' lang='lat' dir='ltr'>Annal.</span> <span class='ocrx_word' id='word_1_191' title='bbox 786 1712 935 1775; x_wconf 78' lang='lat'>1260,</span> <span class='ocrx_word' id='word_1_192' title='bbox 965 1718 987 1767; x_wconf 64' lang='grc' dir='ltr'><strong>ἓ</strong></span> <span class='ocrx_word' id='word_1_193' title='bbox 1021 1711 1270 1776; x_wconf 80' lang='lat'>29—32).</span> <span class='ocrx_word' id='word_1_194' title='bbox 2128 1708 2277 1757; x_wconf 88' lang='lat'>1295</span> 
     </span>
    </p>
   </div>
   <div class='ocr_carea' id='block_1_6' title="bbox 95 1806 2277 2022">
    <p class='ocr_par' dir='ltr' id='par_1_6' title="bbox 95 1806 2277 2022">
     <span class='ocr_line' id='line_1_22' title="bbox 167 1806 2277 1874; baseline -0 -16"><span class='ocrx_word' id='word_1_195' title='bbox 167 1807 185 1871; x_wconf 91' lang='lat'>(</span> <span class='ocrx_word' id='word_1_196' title='bbox 250 1845 281 1871; x_wconf 90' lang='lat'>,‚</span> <span class='ocrx_word' id='word_1_197' title='bbox 361 1807 440 1872; x_wconf 90' lang='lat' dir='ltr'>c.).</span> <span class='ocrx_word' id='word_1_198' title='bbox 486 1836 559 1843; x_wconf 91' lang='lat'>——</span> <span class='ocrx_word' id='word_1_199' title='bbox 600 1809 837 1873; x_wconf 90' lang='lat' dir='ltr'>Jacobus,</span> <span class='ocrx_word' id='word_1_200' title='bbox 884 1808 1164 1874; x_wconf 89' lang='lat' dir='ltr'>patriarcha</span> <span class='ocrx_word' id='word_1_201' title='bbox 1207 1806 1730 1873; x_wconf 91' lang='lat' dir='ltr'>Hierosolymitanus,</span> <span class='ocrx_word' id='word_1_202' title='bbox 1780 1823 1831 1855; x_wconf 91' lang='lat' dir='ltr'>se</span> <span class='ocrx_word' id='word_1_203' title='bbox 1876 1807 2205 1872; x_wconf 89' lang='lat' dir='ltr'>privilegium</span> <span class='ocrx_word' id='word_1_204' title='bbox 2251 1826 2277 1857; x_wconf 90' lang='lat' dir='ltr'>a</span> 
     </span>
     <span class='ocr_line' id='line_1_23' title="bbox 95 1881 2277 1949; baseline 0.001 -20"><span class='ocrx_word' id='word_1_205' title='bbox 95 1881 323 1946; x_wconf 89' lang='lat' dir='ltr'>Rogerio</span> <span class='ocrx_word' id='word_1_206' title='bbox 353 1883 388 1949; x_wconf 83' lang='lat'>1,</span> <span class='ocrx_word' id='word_1_207' title='bbox 429 1899 548 1947; x_wconf 90' lang='lat' dir='ltr'>rege</span> <span class='ocrx_word' id='word_1_208' title='bbox 589 1882 805 1946; x_wconf 73' lang='lat' dir='ltr'>Siciliae,</span> <span class='ocrx_word' id='word_1_209' title='bbox 847 1882 1082 1931; x_wconf 89' lang='lat' dir='ltr'>fratribus</span> <span class='ocrx_word' id='word_1_210' title='bbox 1122 1882 1402 1948; x_wconf 90' lang='lat' dir='ltr'>Hospitalis</span> <span class='ocrx_word' id='word_1_211' title='bbox 1443 1898 1534 1948; x_wconf 92' lang='lat' dir='ltr'>per</span> <span class='ocrx_word' id='word_1_212' title='bbox 1572 1897 1789 1930; x_wconf 90' lang='lat' dir='ltr'>manum</span> <span class='ocrx_word' id='word_1_213' title='bbox 1830 1881 2053 1931; x_wconf 90' lang='lat' dir='ltr'>Gubaldi</span> <span class='ocrx_word' id='word_1_214' title='bbox 2094 1883 2277 1948; x_wconf 91' lang='lat' dir='ltr'>prioris</span> 
     </span>
     <span class='ocr_line' id='line_1_24' title="bbox 96 1956 2274 2022; baseline 0 -17"><span class='ocrx_word' id='word_1_215' title='bbox 96 1972 403 2006; x_wconf 90' lang='lat' dir='ltr'>concessum</span> <span class='ocrx_word' id='word_1_216' title='bbox 432 1957 633 2022; x_wconf 88' lang='lat' dir='ltr'>vidisse,</span> <span class='ocrx_word' id='word_1_217' title='bbox 670 1956 942 2006; x_wconf 88' lang='lat' dir='ltr'>confirmat</span> <span class='ocrx_word' id='word_1_218' title='bbox 971 1956 1177 2022; x_wconf 83' lang='lat' dir='ltr'>(Pirrus,</span> <span class='ocrx_word' id='word_1_219' title='bbox 1208 1956 1376 2006; x_wconf 90' lang='lat' dir='ltr'>Sicilia</span> <span class='ocrx_word' id='word_1_220' title='bbox 1404 1973 1541 2005; x_wconf 90' lang='lat' dir='ltr'>sacra</span> <span class='ocrx_word' id='word_1_221' title='bbox 1570 1956 1627 2021; x_wconf 92' lang='lat' dir='ltr'>II,</span> <span class='ocrx_word' id='word_1_222' title='bbox 1657 1972 1706 2022; x_wconf 92' lang='lat' dir='ltr'>p.</span> <span class='ocrx_word' id='word_1_223' title='bbox 1739 1973 1836 2021; x_wconf 77' lang='lat'>931</span> <span class='ocrx_word' id='word_1_224' title='bbox 1864 1970 1873 2015; x_wconf 80' lang='lat'><em>3</em></span> <span class='ocrx_word' id='word_1_225' title='bbox 1922 1957 2111 2021; x_wconf 86' lang='lat' dir='ltr'>L‘unig,</span> <span class='ocrx_word' id='word_1_226' title='bbox 2143 1957 2274 2006; x_wconf 89' lang='lat' dir='ltr'>Cod.</span> 
     </span>
    </p>
   </div>
   <div class='ocr_carea' id='block_1_7' title="bbox 96 2029 2277 2097">
    <p class='ocr_par' dir='ltr' id='par_1_7' title="bbox 96 2029 2277 2097">
     <span class='ocr_line' id='line_1_25' title="bbox 96 2029 2277 2097; baseline -0.001 -17"><span class='ocrx_word' id='word_1_227' title='bbox 96 2030 313 2097; x_wconf 89' lang='lat' dir='ltr'>diplom.</span> <span class='ocrx_word' id='word_1_228' title='bbox 344 2031 447 2081; x_wconf 90' lang='lat' dir='ltr'>Ital.</span> <span class='ocrx_word' id='word_1_229' title='bbox 479 2031 536 2095; x_wconf 92' lang='lat' dir='ltr'>II,</span> <span class='ocrx_word' id='word_1_230' title='bbox 566 2048 615 2097; x_wconf 92' lang='lat' dir='ltr'>p.</span> <span class='ocrx_word' id='word_1_231' title='bbox 657 2032 1031 2097; x_wconf 80' lang='lat'>1635—1638,</span> <span class='ocrx_word' id='word_1_232' title='bbox 1061 2032 1161 2081; x_wconf 92' lang='lat' dir='ltr'>No.</span> <span class='ocrx_word' id='word_1_233' title='bbox 1203 2031 1260 2095; x_wconf 85' lang='lat'>1).</span> <span class='ocrx_word' id='word_1_234' title='bbox 2129 2029 2277 2079; x_wconf 89' lang='grc'>1296</span> 
     </span>
    </p>
   </div>
   <div class='ocr_carea' id='block_1_8' title="bbox 95 2126 2278 2419">
    <p class='ocr_par' dir='ltr' id='par_1_8' title="bbox 95 2126 2278 2419">
     <span class='ocr_line' id='line_1_26' title="bbox 169 2126 2278 2194; baseline -0 -16"><span class='ocrx_word' id='word_1_235' title='bbox 169 2127 187 2191; x_wconf 91' lang='grc'>(</span> <span class='ocrx_word' id='word_1_236' title='bbox 254 2166 285 2191; x_wconf 88' lang='grc'>,,</span> <span class='ocrx_word' id='word_1_237' title='bbox 364 2145 404 2178; x_wconf 88' lang='lat' dir='ltr'>e.</span> <span class='ocrx_word' id='word_1_238' title='bbox 423 2127 526 2192; x_wconf 81' lang='lat'>?).1)</span> <span class='ocrx_word' id='word_1_239' title='bbox 555 2156 628 2163; x_wconf 88' lang='lat'><em>-</em></span> <span class='ocrx_word' id='word_1_240' title='bbox 655 2127 924 2194; x_wconf 89' lang='lat' dir='ltr'>Philippus</span> <span class='ocrx_word' id='word_1_241' title='bbox 953 2128 1016 2176; x_wconf 95' lang='lat' dir='ltr'>de</span> <span class='ocrx_word' id='word_1_242' title='bbox 1047 2127 1314 2191; x_wconf 76' lang='lat' dir='ltr'>Montfort,</span> <span class='ocrx_word' id='word_1_243' title='bbox 1345 2127 1594 2177; x_wconf 89' lang='lat' dir='ltr'>dominus</span> <span class='ocrx_word' id='word_1_244' title='bbox 1622 2126 1763 2193; x_wconf 89' lang='lat' dir='ltr'>Tyri,</span> <span class='ocrx_word' id='word_1_245' title='bbox 1793 2126 1988 2176; x_wconf 87' lang='lat' dir='ltr'>civibus</span> <span class='ocrx_word' id='word_1_246' title='bbox 2025 2128 2278 2177; x_wconf 90' lang='lat' dir='ltr'>Massiliae</span> 
     </span>
     <span class='ocr_line' id='line_1_27' title="bbox 95 2201 2277 2268; baseline 0 -17"><span class='ocrx_word' id='word_1_247' title='bbox 95 2217 270 2251; x_wconf 89' lang='lat' dir='ltr'>coram</span> <span class='ocrx_word' id='word_1_248' title='bbox 297 2203 501 2267; x_wconf 90' lang='lat' dir='ltr'>Egidio,</span> <span class='ocrx_word' id='word_1_249' title='bbox 543 2202 931 2268; x_wconf 86' lang='lat' dir='ltr'>archiepiscopo</span> <span class='ocrx_word' id='word_1_250' title='bbox 960 2202 1198 2268; x_wconf 88' lang='lat' dir='ltr'>Tyrensi,</span> <span class='ocrx_word' id='word_1_251' title='bbox 1237 2215 1284 2251; x_wconf 89' lang='lat' dir='ltr'>et</span> <span class='ocrx_word' id='word_1_252' title='bbox 1311 2203 1539 2267; x_wconf 90' lang='lat' dir='ltr'>Hugone</span> <span class='ocrx_word' id='word_1_253' title='bbox 1580 2202 1643 2251; x_wconf 94' lang='lat' dir='ltr'>de</span> <span class='ocrx_word' id='word_1_254' title='bbox 1684 2201 1859 2265; x_wconf 88' lang='lat' dir='ltr'>Revel,</span> <span class='ocrx_word' id='word_1_255' title='bbox 1901 2218 2093 2266; x_wconf 89' lang='lat' dir='ltr'>magno</span> <span class='ocrx_word' id='word_1_256' title='bbox 2134 2219 2277 2268; x_wconf 87' lang='lat' dir='ltr'>prae—</span> 
     </span>
     <span class='ocr_line' id='line_1_28' title="bbox 99 2275 2276 2344; baseline 0.001 -20"><span class='ocrx_word' id='word_1_257' title='bbox 99 2290 302 2343; x_wconf 91' lang='lat' dir='ltr'>ceptore</span> <span class='ocrx_word' id='word_1_258' title='bbox 331 2277 629 2344; x_wconf 89' lang='lat' dir='ltr'>Hospitalis,</span> <span class='ocrx_word' id='word_1_259' title='bbox 672 2277 927 2342; x_wconf 88' lang='lat' dir='ltr'>quaedam</span> <span class='ocrx_word' id='word_1_260' title='bbox 971 2275 1079 2340; x_wconf 91' lang='lat' dir='ltr'>jura</span> <span class='ocrx_word' id='word_1_261' title='bbox 1124 2277 1359 2326; x_wconf 92' lang='lat' dir='ltr'>concedit</span> <span class='ocrx_word' id='word_1_262' title='bbox 1403 2276 1562 2339; x_wconf 84' lang='lat' dir='ltr'>(Ruffi</span> <span class='ocrx_word' id='word_1_263' title='bbox 1606 2276 1640 2340; x_wconf 94' lang='lat' dir='ltr'>I,</span> <span class='ocrx_word' id='word_1_264' title='bbox 1686 2293 1736 2342; x_wconf 95' lang='lat' dir='ltr'>p.</span> <span class='ocrx_word' id='word_1_265' title='bbox 1784 2278 1883 2340; x_wconf 78' lang='lat'>963</span> <span class='ocrx_word' id='word_1_266' title='bbox 1939 2276 1999 2326; x_wconf 90' lang='lat' dir='ltr'>cf.</span> <span class='ocrx_word' id='word_1_267' title='bbox 2045 2278 2197 2343; x_wconf 93' lang='lat' dir='ltr'>Heyd</span> <span class='ocrx_word' id='word_1_268' title='bbox 2242 2278 2276 2340; x_wconf 92' lang='lat' dir='ltr'>I,</span> 
     </span>
     <span class='ocr_line' id='line_1_29' title="bbox 95 2349 2276 2419; baseline 0.002 -19"><span class='ocrx_word' id='word_1_269' title='bbox 95 2367 143 2417; x_wconf 93' lang='lat' dir='ltr'>p.</span> <span class='ocrx_word' id='word_1_270' title='bbox 179 2351 316 2417; x_wconf 87' lang='lat'>320).</span> <span class='ocrx_word' id='word_1_271' title='bbox 822 2364 853 2416; x_wconf 86' lang='lat'>¹)</span> <span class='ocrx_word' id='word_1_272' title='bbox 888 2361 1016 2404; x_wconf 90' lang='lat' dir='ltr'>Num</span> <span class='ocrx_word' id='word_1_273' title='bbox 1040 2361 1127 2405; x_wconf 87' lang='lat' dir='ltr'>sub</span> <span class='ocrx_word' id='word_1_274' title='bbox 1153 2376 1192 2404; x_wconf 90' lang='lat' dir='ltr'>a.</span> <span class='ocrx_word' id='word_1_275' title='bbox 1223 2361 1333 2419; x_wconf 77' lang='lat'>1256</span> <span class='ocrx_word' id='word_1_276' title='bbox 1356 2360 1671 2418; x_wconf 82' lang='lat' dir='ltr'>ponendum?</span> <span class='ocrx_word' id='word_1_277' title='bbox 2130 2349 2276 2399; x_wconf 85' lang='lat'>1297</span> 
     </span>
    </p>
   </div>
   <div class='ocr_carea' id='block_1_9' title="bbox 95 2438 2281 3995">
    <p class='ocr_par' dir='ltr' id='par_1_9' title="bbox 95 2438 2281 3995">
     <span class='ocr_line' id='line_1_30' title="bbox 200 2438 2280 2507; baseline 0.002 -20"><span class='ocrx_word' id='word_1_278' title='bbox 200 2438 343 2488; x_wconf 90' lang='grc'>1261</span> <span class='ocrx_word' id='word_1_279' title='bbox 377 2441 485 2491; x_wconf 86' lang='lat' dir='ltr'>Jan.</span> <span class='ocrx_word' id='word_1_280' title='bbox 527 2458 753 2505; x_wconf 88' lang='lat'>11—17,</span> <span class='ocrx_word' id='word_1_281' title='bbox 797 2440 903 2490; x_wconf 93' lang='lat' dir='ltr'>ind.</span> <span class='ocrx_word' id='word_1_282' title='bbox 935 2441 1015 2491; x_wconf 90' lang='lat' dir='ltr'>IV.</span> <span class='ocrx_word' id='word_1_283' title='bbox 1060 2468 1133 2474; x_wconf 93' lang='lat'>—</span> <span class='ocrx_word' id='word_1_284' title='bbox 1175 2441 1425 2506; x_wconf 80' lang='lat' dir='ltr'>ThomaS,</span> <span class='ocrx_word' id='word_1_285' title='bbox 1471 2440 1746 2507; x_wconf 89' lang='lat' dir='ltr'>episcopus</span> <span class='ocrx_word' id='word_1_286' title='bbox 1786 2441 2192 2491; x_wconf 86' lang='lat' dir='ltr'>Bethlemitanus</span> <span class='ocrx_word' id='word_1_287' title='bbox 2233 2455 2280 2491; x_wconf 92' lang='lat' dir='ltr'>et</span> 
     </span>
     <span class='ocr_line' id='line_1_31' title="bbox 96 2514 2279 2581; baseline 0 -17"><span class='ocrx_word' id='word_1_288' title='bbox 96 2514 243 2564; x_wconf 91' lang='lat' dir='ltr'>Sedis</span> <span class='ocrx_word' id='word_1_289' title='bbox 279 2515 609 2581; x_wconf 87' lang='lat' dir='ltr'>Apostolicae</span> <span class='ocrx_word' id='word_1_290' title='bbox 637 2515 849 2579; x_wconf 88' lang='lat' dir='ltr'>legatus,</span> <span class='ocrx_word' id='word_1_291' title='bbox 891 2515 1116 2579; x_wconf 90' lang='lat' dir='ltr'>sigillans</span> <span class='ocrx_word' id='word_1_292' title='bbox 1157 2515 1384 2581; x_wconf 85' lang='lat' dir='ltr'>exponit,</span> <span class='ocrx_word' id='word_1_293' title='bbox 1427 2531 1560 2580; x_wconf 89' lang='lat' dir='ltr'>quae</span> <span class='ocrx_word' id='word_1_294' title='bbox 1600 2531 1720 2564; x_wconf 89' lang='lat' dir='ltr'>cum</span> <span class='ocrx_word' id='word_1_295' title='bbox 1750 2516 1959 2565; x_wconf 90' lang='lat' dir='ltr'>Venetis</span> <span class='ocrx_word' id='word_1_296' title='bbox 1999 2529 2046 2565; x_wconf 88' lang='lat' dir='ltr'>et</span> <span class='ocrx_word' id='word_1_297' title='bbox 2085 2516 2279 2565; x_wconf 85' lang='lat' dir='ltr'>Pisanis</span> 
     </span>
     <span class='ocr_line' id='line_1_32' title="bbox 95 2588 2279 2656; baseline 0 -17"><span class='ocrx_word' id='word_1_298' title='bbox 95 2588 268 2656; x_wconf 89' lang='lat' dir='ltr'>egerit,</span> <span class='ocrx_word' id='word_1_299' title='bbox 287 2605 420 2655; x_wconf 89' lang='lat' dir='ltr'>quos</span> <span class='ocrx_word' id='word_1_300' title='bbox 450 2590 511 2639; x_wconf 91' lang='lat' dir='ltr'>de</span> <span class='ocrx_word' id='word_1_301' title='bbox 541 2590 785 2639; x_wconf 87' lang='lat' dir='ltr'>mandato</span> <span class='ocrx_word' id='word_1_302' title='bbox 804 2589 1083 2639; x_wconf 87' lang='lat' dir='ltr'>Alexandri</span> <span class='ocrx_word' id='word_1_303' title='bbox 1110 2590 1177 2640; x_wconf 93' lang='lat' dir='ltr'>IV</span> <span class='ocrx_word' id='word_1_304' title='bbox 1196 2606 1355 2656; x_wconf 89' lang='lat' dir='ltr'>papae</span> <span class='ocrx_word' id='word_1_305' title='bbox 1375 2590 1731 2654; x_wconf 88' lang='lat' dir='ltr'>admonuerat,</span> <span class='ocrx_word' id='word_1_306' title='bbox 1763 2602 1819 2638; x_wconf 90' lang='lat' dir='ltr'>ut</span> <span class='ocrx_word' id='word_1_307' title='bbox 1846 2589 1940 2638; x_wconf 87' lang='lat' dir='ltr'>sibi</span> <span class='ocrx_word' id='word_1_308' title='bbox 1968 2602 2133 2639; x_wconf 89' lang='lat' dir='ltr'>turres</span> <span class='ocrx_word' id='word_1_309' title='bbox 2162 2608 2279 2640; x_wconf 89' lang='lat' dir='ltr'>suas</span> 
     </span>
     <span class='ocr_line' id='line_1_33' title="bbox 96 2664 2279 2731; baseline 0.001 -19"><span class='ocrx_word' id='word_1_310' title='bbox 96 2667 427 2714; x_wconf 88' lang='lat' dir='ltr'>Acconenses</span> <span class='ocrx_word' id='word_1_311' title='bbox 481 2664 812 2729; x_wconf 85' lang='lat' dir='ltr'>assignarent.</span> <span class='ocrx_word' id='word_1_312' title='bbox 881 2664 977 2713; x_wconf 91' lang='lat' dir='ltr'>Die</span> <span class='ocrx_word' id='word_1_313' title='bbox 1021 2664 1161 2713; x_wconf 91' lang='lat' dir='ltr'>enim</span> <span class='ocrx_word' id='word_1_314' title='bbox 1205 2664 1272 2713; x_wconf 89' lang='lat' dir='ltr'>XI</span> <span class='ocrx_word' id='word_1_315' title='bbox 1315 2664 1540 2713; x_wconf 89' lang='lat' dir='ltr'>Januarii</span> <span class='ocrx_word' id='word_1_316' title='bbox 1586 2664 1783 2731; x_wconf 90' lang='lat' dir='ltr'>syndici</span> <span class='ocrx_word' id='word_1_317' title='bbox 1829 2677 1877 2713; x_wconf 91' lang='lat' dir='ltr'>et</span> <span class='ocrx_word' id='word_1_318' title='bbox 1920 2677 2279 2731; x_wconf 88' lang='lat' dir='ltr'>procuratores</span> 
     </span>
     <span class='ocr_line' id='line_1_34' title="bbox 96 2738 2279 2804; baseline 0 -16"><span class='ocrx_word' id='word_1_319' title='bbox 96 2739 380 2788; x_wconf 87' lang='lat' dir='ltr'>Januenses</span> <span class='ocrx_word' id='word_1_320' title='bbox 418 2752 673 2788; x_wconf 89' lang='lat' dir='ltr'>venerunt</span> <span class='ocrx_word' id='word_1_321' title='bbox 711 2738 902 2788; x_wconf 85' lang='lat' dir='ltr'>scilicet</span> <span class='ocrx_word' id='word_1_322' title='bbox 945 2738 1206 2788; x_wconf 90' lang='lat' dir='ltr'>Fresonus</span> <span class='ocrx_word' id='word_1_323' title='bbox 1237 2739 1537 2788; x_wconf 91' lang='lat' dir='ltr'>Malocellus</span> <span class='ocrx_word' id='word_1_324' title='bbox 1567 2752 1614 2787; x_wconf 91' lang='lat' dir='ltr'>et</span> <span class='ocrx_word' id='word_1_325' title='bbox 1640 2739 1902 2788; x_wconf 87' lang='lat' dir='ltr'>Johannes</span> <span class='ocrx_word' id='word_1_326' title='bbox 1932 2740 1993 2788; x_wconf 94' lang='lat' dir='ltr'>de</span> <span class='ocrx_word' id='word_1_327' title='bbox 2024 2740 2279 2804; x_wconf 87' lang='lat' dir='ltr'>Rovegno</span> 
     </span>
     <span class='ocr_line' id='line_1_35' title="bbox 100 2812 2279 2879; baseline 0.001 -18"><span class='ocrx_word' id='word_1_328' title='bbox 100 2812 340 2878; x_wconf 89' lang='lat' dir='ltr'>epistolas</span> <span class='ocrx_word' id='word_1_329' title='bbox 380 2813 658 2862; x_wconf 90' lang='lat' dir='ltr'>Alexandri</span> <span class='ocrx_word' id='word_1_330' title='bbox 687 2814 753 2863; x_wconf 89' lang='lat' dir='ltr'>IV</span> <span class='ocrx_word' id='word_1_331' title='bbox 794 2827 841 2861; x_wconf 91' lang='lat' dir='ltr'>et</span> <span class='ocrx_word' id='word_1_332' title='bbox 881 2813 1106 2861; x_wconf 90' lang='lat' dir='ltr'>chartam</span> <span class='ocrx_word' id='word_1_333' title='bbox 1147 2812 1526 2879; x_wconf 86' lang='lat' dir='ltr'>procurationis</span> <span class='ocrx_word' id='word_1_334' title='bbox 1565 2830 1686 2862; x_wconf 90' lang='lat' dir='ltr'>suae</span> <span class='ocrx_word' id='word_1_335' title='bbox 1726 2827 2124 2879; x_wconf 88' lang='lat' dir='ltr'>praesentantes.</span> <span class='ocrx_word' id='word_1_336' title='bbox 2184 2815 2279 2864; x_wconf 90' lang='lat' dir='ltr'>Die</span> 
     </span>
     <span class='ocr_line' id='line_1_36' title="bbox 98 2885 2280 2952; baseline 0.001 -17"><span class='ocrx_word' id='word_1_337' title='bbox 98 2903 220 2936; x_wconf 93' lang='lat' dir='ltr'>vero</span> <span class='ocrx_word' id='word_1_338' title='bbox 245 2887 357 2936; x_wconf 86' lang='lat' dir='ltr'>XIII</span> <span class='ocrx_word' id='word_1_339' title='bbox 376 2885 609 2952; x_wconf 89' lang='lat' dir='ltr'>ejusdem</span> <span class='ocrx_word' id='word_1_340' title='bbox 627 2888 819 2937; x_wconf 91' lang='lat' dir='ltr'>mensis</span> <span class='ocrx_word' id='word_1_341' title='bbox 837 2888 1098 2936; x_wconf 92' lang='lat' dir='ltr'>Johannes</span> <span class='ocrx_word' id='word_1_342' title='bbox 1117 2887 1408 2952; x_wconf 90' lang='lat' dir='ltr'>Dandulus,</span> <span class='ocrx_word' id='word_1_343' title='bbox 1429 2887 1594 2937; x_wconf 90' lang='lat' dir='ltr'>bailus</span> <span class='ocrx_word' id='word_1_344' title='bbox 1613 2888 1950 2952; x_wconf 92' lang='lat' dir='ltr'>Venetorum,</span> <span class='ocrx_word' id='word_1_345' title='bbox 1973 2889 2280 2938; x_wconf 89' lang='lat' dir='ltr'>Gottifridus</span> 
     </span>
     <span class='ocr_line' id='line_1_37' title="bbox 98 2961 2279 3028; baseline 0.001 -18"><span class='ocrx_word' id='word_1_346' title='bbox 98 2961 431 3027; x_wconf 89' lang='lat' dir='ltr'>Drapperius,</span> <span class='ocrx_word' id='word_1_347' title='bbox 452 2963 637 3012; x_wconf 91' lang='lat' dir='ltr'>consul</span> <span class='ocrx_word' id='word_1_348' title='bbox 656 2962 962 3011; x_wconf 78' lang='lat' dir='ltr'>pisanorum</span> <span class='ocrx_word' id='word_1_349' title='bbox 984 2962 1388 3027; x_wconf 91' lang='lat' dir='ltr'>Acconensium,</span> <span class='ocrx_word' id='word_1_350' title='bbox 1419 2962 1772 3028; x_wconf 88' lang='lat' dir='ltr'>praesentibus</span> <span class='ocrx_word' id='word_1_351' title='bbox 1793 2963 2097 3028; x_wconf 87' lang='lat' dir='ltr'>Nicosiensi,</span> <span class='ocrx_word' id='word_1_352' title='bbox 2118 2963 2279 3026; x_wconf 87' lang='lat' dir='ltr'>(Hen-</span> 
     </span>
     <span class='ocr_line' id='line_1_38' title="bbox 98 3036 2279 3103; baseline 0.001 -19"><span class='ocrx_word' id='word_1_353' title='bbox 98 3036 237 3100; x_wconf 90' lang='lat' dir='ltr'>rico),</span> <span class='ocrx_word' id='word_1_354' title='bbox 258 3036 527 3086; x_wconf 87' lang='lat' dir='ltr'>Nazareno</span> <span class='ocrx_word' id='word_1_355' title='bbox 546 3050 592 3086; x_wconf 91' lang='lat' dir='ltr'>et</span> <span class='ocrx_word' id='word_1_356' title='bbox 612 3037 902 3099; x_wconf 91' lang='lat' dir='ltr'>(Joscellino</span> <span class='ocrx_word' id='word_1_357' title='bbox 918 3036 967 3100; x_wconf 71' lang='grc' dir='ltr'>Ρ),</span> <span class='ocrx_word' id='word_1_358' title='bbox 983 3037 1327 3101; x_wconf 88' lang='lat' dir='ltr'>Caesareensi,</span> <span class='ocrx_word' id='word_1_359' title='bbox 1341 3036 1752 3103; x_wconf 84' lang='lat' dir='ltr'>archiepiscopis,</span> <span class='ocrx_word' id='word_1_360' title='bbox 1783 3037 2096 3102; x_wconf 83' lang='lat' dir='ltr'>(Florentio),</span> <span class='ocrx_word' id='word_1_361' title='bbox 2117 3042 2279 3087; x_wconf 83' lang='lat' dir='ltr'>Acco—</span> 
     </span>
     <span class='ocr_line' id='line_1_39' title="bbox 100 3110 2280 3179; baseline 0.001 -21"><span class='ocrx_word' id='word_1_362' title='bbox 100 3110 957 3176; x_wconf 86' lang='lat' dir='ltr'>nensi,(Eustorgio),Tiberiadensi</span> <span class='ocrx_word' id='word_1_363' title='bbox 973 3123 1019 3160; x_wconf 90' lang='lat' dir='ltr'>et</span> <span class='ocrx_word' id='word_1_364' title='bbox 1033 3111 1318 3175; x_wconf 85' lang='lat' dir='ltr'>Edessensi,</span> <span class='ocrx_word' id='word_1_365' title='bbox 1336 3112 1604 3178; x_wconf 90' lang='lat' dir='ltr'>episcopis,</span> <span class='ocrx_word' id='word_1_366' title='bbox 1621 3111 1734 3176; x_wconf 60' lang='grc' dir='ltr'>(Μ),</span> <span class='ocrx_word' id='word_1_367' title='bbox 1751 3112 1920 3178; x_wconf 90' lang='lat' dir='ltr'>priore</span> <span class='ocrx_word' id='word_1_368' title='bbox 1938 3112 2280 3179; x_wconf 85' lang='lat' dir='ltr'>S.Sepulchri,</span> 
     </span>
     <span class='ocr_line' id='line_1_40' title="bbox 101 3183 2281 3253; baseline 0.001 -21"><span class='ocrx_word' id='word_1_369' title='bbox 101 3183 395 3249; x_wconf 86' lang='lat' dir='ltr'>(Simone?),</span> <span class='ocrx_word' id='word_1_370' title='bbox 416 3187 592 3235; x_wconf 89' lang='lat' dir='ltr'>abbate</span> <span class='ocrx_word' id='word_1_371' title='bbox 607 3185 815 3251; x_wconf 87' lang='lat' dir='ltr'>Templi</span> <span class='ocrx_word' id='word_1_372' title='bbox 835 3185 1064 3250; x_wconf 89' lang='lat' dir='ltr'>Domini,</span> <span class='ocrx_word' id='word_1_373' title='bbox 1082 3186 1389 3235; x_wconf 90' lang='lat' dir='ltr'>marescalco</span> <span class='ocrx_word' id='word_1_374' title='bbox 1409 3199 1455 3235; x_wconf 93' lang='lat' dir='ltr'>et</span> <span class='ocrx_word' id='word_1_375' title='bbox 1473 3200 1801 3253; x_wconf 87' lang='lat' dir='ltr'>praeceptore</span> <span class='ocrx_word' id='word_1_376' title='bbox 1811 3187 2281 3251; x_wconf 83' lang='lat' dir='ltr'>Theutonicorum,</span> 
     </span>
     <span class='ocr_line' id='line_1_41' title="bbox 102 3258 2278 3326; baseline 0.001 -19"><span class='ocrx_word' id='word_1_377' title='bbox 102 3258 341 3308; x_wconf 87' lang='lat' dir='ltr'>Goffrido</span> <span class='ocrx_word' id='word_1_378' title='bbox 377 3260 439 3309; x_wconf 93' lang='lat' dir='ltr'>de</span> <span class='ocrx_word' id='word_1_379' title='bbox 470 3259 690 3310; x_wconf 88' lang='lat' dir='ltr'>Sarzinis</span> <span class='ocrx_word' id='word_1_380' title='bbox 720 3274 767 3309; x_wconf 93' lang='lat' dir='ltr'>et</span> <span class='ocrx_word' id='word_1_381' title='bbox 795 3261 904 3309; x_wconf 89' lang='lat' dir='ltr'>aliis</span> <span class='ocrx_word' id='word_1_382' title='bbox 931 3260 1191 3324; x_wconf 86' lang='lat' dir='ltr'>congressi</span> <span class='ocrx_word' id='word_1_383' title='bbox 1211 3274 1345 3324; x_wconf 78' lang='lat' dir='ltr'>sunt,</span> <span class='ocrx_word' id='word_1_384' title='bbox 1367 3261 1455 3310; x_wconf 88' lang='lat' dir='ltr'>sed</span> <span class='ocrx_word' id='word_1_385' title='bbox 1476 3278 1642 3326; x_wconf 88' lang='lat' dir='ltr'>quum</span> <span class='ocrx_word' id='word_1_386' title='bbox 1662 3261 1938 3310; x_wconf 90' lang='lat' dir='ltr'>consilium</span> <span class='ocrx_word' id='word_1_387' title='bbox 1957 3263 2278 3312; x_wconf 85' lang='lat' dir='ltr'>Venetorum</span> 
     </span>
     <span class='ocr_line' id='line_1_42' title="bbox 100 3334 2279 3400; baseline 0.001 -19"><span class='ocrx_word' id='word_1_388' title='bbox 100 3334 312 3398; x_wconf 89' lang='lat' dir='ltr'>abesset,</span> <span class='ocrx_word' id='word_1_389' title='bbox 331 3334 594 3384; x_wconf 88' lang='lat' dir='ltr'>Johannes</span> <span class='ocrx_word' id='word_1_390' title='bbox 614 3335 887 3384; x_wconf 88' lang='lat' dir='ltr'>Dandulus</span> <span class='ocrx_word' id='word_1_391' title='bbox 908 3351 1000 3400; x_wconf 89' lang='lat' dir='ltr'>pro</span> <span class='ocrx_word' id='word_1_392' title='bbox 1028 3352 1080 3383; x_wconf 89' lang='lat' dir='ltr'>se</span> <span class='ocrx_word' id='word_1_393' title='bbox 1110 3348 1156 3383; x_wconf 90' lang='lat' dir='ltr'>et</span> <span class='ocrx_word' id='word_1_394' title='bbox 1184 3334 1397 3384; x_wconf 91' lang='lat' dir='ltr'>consule</span> <span class='ocrx_word' id='word_1_395' title='bbox 1427 3336 1736 3385; x_wconf 77' lang='lat' dir='ltr'>pisanorum</span> <span class='ocrx_word' id='word_1_396' title='bbox 1758 3335 1939 3400; x_wconf 85' lang='lat' dir='ltr'>(quum</span> <span class='ocrx_word' id='word_1_397' title='bbox 1961 3336 2279 3385; x_wconf 78' lang='lat' dir='ltr'>Venetorum</span> 
     </span>
     <span class='ocr_line' id='line_1_43' title="bbox 101 3406 2278 3476; baseline 0.001 -21"><span class='ocrx_word' id='word_1_398' title='bbox 101 3419 149 3455; x_wconf 93' lang='lat' dir='ltr'>et</span> <span class='ocrx_word' id='word_1_399' title='bbox 185 3406 493 3458; x_wconf 80' lang='lat' dir='ltr'>pisanorum</span> <span class='ocrx_word' id='word_1_400' title='bbox 533 3408 810 3458; x_wconf 90' lang='lat' dir='ltr'>consilium</span> <span class='ocrx_word' id='word_1_401' title='bbox 851 3422 979 3458; x_wconf 89' lang='lat' dir='ltr'>esset</span> <span class='ocrx_word' id='word_1_402' title='bbox 1019 3410 1332 3473; x_wconf 86' lang='lat' dir='ltr'>commune),</span> <span class='ocrx_word' id='word_1_403' title='bbox 1375 3427 1427 3459; x_wconf 89' lang='lat' dir='ltr'>se</span> <span class='ocrx_word' id='word_1_404' title='bbox 1456 3410 1549 3459; x_wconf 88' lang='lat' dir='ltr'>hac</span> <span class='ocrx_word' id='word_1_405' title='bbox 1578 3411 1640 3459; x_wconf 91' lang='lat' dir='ltr'>de</span> <span class='ocrx_word' id='word_1_406' title='bbox 1670 3427 1722 3459; x_wconf 93' lang='lat' dir='ltr'>re</span> <span class='ocrx_word' id='word_1_407' title='bbox 1759 3411 2070 3476; x_wconf 86' lang='lat' dir='ltr'>respondere</span> <span class='ocrx_word' id='word_1_408' title='bbox 2112 3428 2278 3476; x_wconf 76' lang='lat' dir='ltr'>posse,</span> 
     </span>
     <span class='ocr_line' id='line_1_44' title="bbox 103 3480 2280 3548; baseline 0.002 -19"><span class='ocrx_word' id='word_1_409' title='bbox 103 3480 319 3545; x_wconf 87' lang='lat' dir='ltr'>negavit.</span> <span class='ocrx_word' id='word_1_410' title='bbox 378 3483 656 3548; x_wconf 86' lang='lat' dir='ltr'>Postquam</span> <span class='ocrx_word' id='word_1_411' title='bbox 703 3483 857 3547; x_wconf 87' lang='lat' dir='ltr'>igitur</span> <span class='ocrx_word' id='word_1_412' title='bbox 902 3484 993 3533; x_wconf 91' lang='lat' dir='ltr'>XV</span> <span class='ocrx_word' id='word_1_413' title='bbox 1036 3483 1116 3531; x_wconf 89' lang='lat' dir='ltr'>die</span> <span class='ocrx_word' id='word_1_414' title='bbox 1159 3482 1391 3547; x_wconf 87' lang='lat' dir='ltr'>ejusdem</span> <span class='ocrx_word' id='word_1_415' title='bbox 1433 3484 1625 3533; x_wconf 87' lang='lat' dir='ltr'>mensis</span> <span class='ocrx_word' id='word_1_416' title='bbox 1665 3485 1903 3533; x_wconf 78' lang='lat' dir='ltr'>antedicti</span> <span class='ocrx_word' id='word_1_417' title='bbox 1947 3486 2280 3534; x_wconf 78' lang='lat' dir='ltr'>marescalcus</span> 
     </span>
     <span class='ocr_line' id='line_1_45' title="bbox 101 3555 2280 3625; baseline 0.001 -21"><span class='ocrx_word' id='word_1_418' title='bbox 101 3555 326 3620; x_wconf 88' lang='lat' dir='ltr'>Templi,</span> <span class='ocrx_word' id='word_1_419' title='bbox 358 3570 657 3623; x_wconf 91' lang='lat' dir='ltr'>praeceptor</span> <span class='ocrx_word' id='word_1_420' title='bbox 685 3558 983 3623; x_wconf 82' lang='lat' dir='ltr'>Hospitalis,</span> <span class='ocrx_word' id='word_1_421' title='bbox 1015 3574 1188 3606; x_wconf 90' lang='lat' dir='ltr'>comes</span> <span class='ocrx_word' id='word_1_422' title='bbox 1215 3558 1505 3624; x_wconf 90' lang='lat' dir='ltr'>Joppensis,</span> <span class='ocrx_word' id='word_1_423' title='bbox 1527 3559 1775 3608; x_wconf 89' lang='lat' dir='ltr'>dominus</span> <span class='ocrx_word' id='word_1_424' title='bbox 1794 3559 2000 3625; x_wconf 80' lang='lat' dir='ltr'>Cayfae,</span> <span class='ocrx_word' id='word_1_425' title='bbox 2020 3560 2280 3608; x_wconf 82' lang='lat' dir='ltr'>Johannes</span> 
     </span>
     <span class='ocr_line' id='line_1_46' title="bbox 102 3629 2279 3699; baseline 0.002 -21"><span class='ocrx_word' id='word_1_426' title='bbox 102 3629 164 3678; x_wconf 91' lang='lat' dir='ltr'>de</span> <span class='ocrx_word' id='word_1_427' title='bbox 204 3629 479 3695; x_wconf 83' lang='lat' dir='ltr'>Gibelleto,</span> <span class='ocrx_word' id='word_1_428' title='bbox 523 3632 859 3681; x_wconf 88' lang='lat' dir='ltr'>marescalcus</span> <span class='ocrx_word' id='word_1_429' title='bbox 899 3632 1044 3695; x_wconf 78' lang='lat' dir='ltr'>regni</span> <span class='ocrx_word' id='word_1_430' title='bbox 1086 3632 1563 3699; x_wconf 87' lang='lat' dir='ltr'>Hierosolymitani,</span> <span class='ocrx_word' id='word_1_431' title='bbox 1606 3634 1924 3683; x_wconf 87' lang='lat' dir='ltr'>Acconensis</span> <span class='ocrx_word' id='word_1_432' title='bbox 1965 3648 2009 3682; x_wconf 88' lang='lat' dir='ltr'>et</span> <span class='ocrx_word' id='word_1_433' title='bbox 2049 3634 2279 3682; x_wconf 82' lang='lat' dir='ltr'>Tiberia-</span> 
     </span>
     <span class='ocr_line' id='line_1_47' title="bbox 104 3703 2278 3771; baseline 0.002 -19"><span class='ocrx_word' id='word_1_434' title='bbox 104 3703 279 3753; x_wconf 89' lang='lat' dir='ltr'>densis</span> <span class='ocrx_word' id='word_1_435' title='bbox 307 3705 667 3769; x_wconf 88' lang='lat' dir='ltr'>archidiaconi,</span> <span class='ocrx_word' id='word_1_436' title='bbox 711 3707 949 3769; x_wconf 79' lang='lat' dir='ltr'>magistet·</span> <span class='ocrx_word' id='word_1_437' title='bbox 977 3706 1238 3755; x_wconf 86' lang='lat' dir='ltr'>Johannes</span> <span class='ocrx_word' id='word_1_438' title='bbox 1268 3708 1474 3771; x_wconf 83' lang='lat' dir='ltr'>Pascha,</span> <span class='ocrx_word' id='word_1_439' title='bbox 1506 3721 1681 3756; x_wconf 88' lang='lat' dir='ltr'>cantor</span> <span class='ocrx_word' id='word_1_440' title='bbox 1711 3708 2064 3771; x_wconf 78' lang='lat' dir='ltr'>Famagustae,</span> <span class='ocrx_word' id='word_1_441' title='bbox 2097 3709 2278 3757; x_wconf 83' lang='lat' dir='ltr'>iterum</span> 
     </span>
     <span class='ocr_line' id='line_1_48' title="bbox 105 3780 2281 3848; baseline 0.002 -22"><span class='ocrx_word' id='word_1_442' title='bbox 105 3792 478 3844; x_wconf 90' lang='lat' dir='ltr'>convenerunt,</span> <span class='ocrx_word' id='word_1_443' title='bbox 506 3780 739 3829; x_wconf 89' lang='lat' dir='ltr'>Thomas</span> <span class='ocrx_word' id='word_1_444' title='bbox 767 3780 964 3845; x_wconf 79' lang='lat' dir='ltr'>legatus</span> <span class='ocrx_word' id='word_1_445' title='bbox 992 3797 1019 3828; x_wconf 88' lang='lat' dir='ltr'>a</span> <span class='ocrx_word' id='word_1_446' title='bbox 1047 3780 1257 3830; x_wconf 89' lang='lat' dir='ltr'>Venetis</span> <span class='ocrx_word' id='word_1_447' title='bbox 1287 3795 1333 3830; x_wconf 88' lang='lat' dir='ltr'>et</span> <span class='ocrx_word' id='word_1_448' title='bbox 1361 3782 1555 3831; x_wconf 85' lang='lat' dir='ltr'>Pisanis</span> <span class='ocrx_word' id='word_1_449' title='bbox 1585 3782 1872 3848; x_wconf 87' lang='lat' dir='ltr'>postulavit,</span> <span class='ocrx_word' id='word_1_450' title='bbox 1916 3796 1967 3831; x_wconf 91' lang='lat' dir='ltr'>ut</span> <span class='ocrx_word' id='word_1_451' title='bbox 1996 3782 2089 3830; x_wconf 80' lang='lat' dir='ltr'>sibi</span> <span class='ocrx_word' id='word_1_452' title='bbox 2121 3796 2281 3831; x_wconf 81' lang='lat' dir='ltr'>turres</span> 
     </span>
     <span class='ocr_line' id='line_1_49' title="bbox 106 3854 2278 3920; baseline 0.002 -20"><span class='ocrx_word' id='word_1_453' title='bbox 106 3855 437 3902; x_wconf 88' lang='lat' dir='ltr'>Acconenses</span> <span class='ocrx_word' id='word_1_454' title='bbox 478 3854 608 3903; x_wconf 89' lang='lat' dir='ltr'>infra</span> <span class='ocrx_word' id='word_1_455' title='bbox 649 3855 784 3904; x_wconf 87' lang='lat' dir='ltr'>diem</span> <span class='ocrx_word' id='word_1_456' title='bbox 827 3855 1001 3904; x_wconf 88' lang='lat' dir='ltr'>Martis</span> <span class='ocrx_word' id='word_1_457' title='bbox 1042 3854 1209 3920; x_wconf 85' lang='lat' dir='ltr'>primo</span> <span class='ocrx_word' id='word_1_458' title='bbox 1250 3869 1545 3919; x_wconf 86' lang='lat' dir='ltr'>venturum,</span> <span class='ocrx_word' id='word_1_459' title='bbox 1591 3870 1830 3906; x_wconf 86' lang='lat' dir='ltr'>octavum</span> <span class='ocrx_word' id='word_1_460' title='bbox 1874 3856 2102 3906; x_wconf 84' lang='lat' dir='ltr'>videlicet</span> <span class='ocrx_word' id='word_1_461' title='bbox 2144 3857 2278 3906; x_wconf 85' lang='lat' dir='ltr'>diem</span> 
     </span>
     <span class='ocr_line' id='line_1_50' title="bbox 104 3926 2281 3995; baseline 0.001 -20"><span class='ocrx_word' id='word_1_462' title='bbox 104 3926 410 3993; x_wconf 89' lang='lat' dir='ltr'>receptionis</span> <span class='ocrx_word' id='word_1_463' title='bbox 461 3929 684 3977; x_wconf 88' lang='lat' dir='ltr'>mandati</span> <span class='ocrx_word' id='word_1_464' title='bbox 731 3929 1014 3995; x_wconf 85' lang='lat' dir='ltr'>Apostolici</span> <span class='ocrx_word' id='word_1_465' title='bbox 1071 3930 1338 3995; x_wconf 81' lang='lat' dir='ltr'>traderent,</span> <span class='ocrx_word' id='word_1_466' title='bbox 1394 3932 1482 3980; x_wconf 75' lang='lat' dir='ltr'>sed</span> <span class='ocrx_word' id='word_1_467' title='bbox 1527 3931 1787 3980; x_wconf 77' lang='lat' dir='ltr'>Johannes</span> <span class='ocrx_word' id='word_1_468' title='bbox 1832 3931 2104 3981; x_wconf 77' lang='lat' dir='ltr'>Dandulus</span> <span class='ocrx_word' id='word_1_469' title='bbox 2150 3932 2281 3979; x_wconf 75' lang='lat' dir='ltr'>varia</span> 
     </span>
    </p>
   </div>
   <div class='ocr_carea' id='block_1_10' title="bbox 1925 4030 2011 4073">
    <p class='ocr_par' dir='ltr' id='par_1_10' title="bbox 1925 4030 2011 4073">
     <span class='ocr_line' id='line_1_51' title="bbox 1925 4030 2011 4073; baseline -0.012 0"><span class='ocrx_word' id='word_1_470' title='bbox 1925 4030 2011 4073; x_wconf 70' lang='lat'>22¹³*</span> 
     </span>
    </p>
   </div>
  </div>
 </body>
</html>
