2684 4244
946 173 1079 232 regni
1102 172 1538 233 Hierosolymitani.
2226 194 2324 243 295

153 372 297 440 parti,
318 372 370 422 in
389 372 792 438 septentrionem
824 372 876 420 in
896 370 1060 432 casali,
1082 370 1224 436 quod
1244 381 1382 419 tenet
1400 370 1648 419 dominus
1666 371 1922 436 Engaram
1942 369 2072 433 (sic);
2104 382 2151 419 et
2179 371 2330 420 habet

151 446 469 511 homoliges:
502 447 739 508 Mahalla,
770 446 993 509 Selmen,
1025 445 1157 507 Hali,
1188 446 1346 508 HabS,
1376 443 1581 508 Bellala,
1611 444 1764 494 Halil.
1818 444 1976 493 Aliud
2006 445 2166 494 casale
2194 443 2330 509 ejus-

152 522 271 571 dem
300 520 440 570 feudi
460 534 670 570 vocatur
686 520 920 583 Tolliffif,
942 520 1085 584 quod
1114 519 1279 568 firmat
1307 518 1360 566 in
1390 518 1585 567 oriente
1615 519 1668 567 in
1696 530 1826 567 terra
1855 518 2029 567 casalis
2049 519 2330 584 Hospitalis

153 595 407 660 Megedel,
454 595 506 644 in
551 595 873 645 occidentem
916 594 970 642 in
1015 594 1162 642 casali
1191 594 1524 656 Terretenne,
1570 593 1623 641 in
1663 593 2070 659 septentrionem
2099 593 2151 641 in
2181 594 2329 643 casali

152 669 304 721 Cafar
332 670 539 733 Dabael,
562 670 705 734 quod
734 681 872 718 tenet
897 668 1324 717 Bartholomaeus
1350 667 1411 715 de
1431 667 1613 733 Caym,
1634 683 1810 716 versus
1838 679 2071 717 austrum
2099 667 2153 716 in
2182 668 2329 717 casali

149 743 258 794 Joie
294 745 356 792 ab
397 744 626 809 Hugone
655 743 868 792 amirato
900 759 1154 808 possesso
1197 742 1334 791 Petia
1362 754 1521 790 terrae
1550 740 1784 805 ejusdem
1804 741 1943 790 feudi
1973 742 2064 790 sita
2093 754 2166 790 est
2193 740 2331 806 juxta

152 818 350 868 fontem
380 818 474 867 Dei
504 818 726 884 desuper
764 818 1103 880 conductum,
1146 816 1235 882 qui
1272 816 1437 882 pergit
1464 815 1517 864 in
1549 815 1801 865 civitatem
1829 815 1956 882 Tyri
1986 815 2135 880 (quae
2164 815 2332 866 firmat

150 909 327 942 versus
356 892 610 942 orientem
638 893 693 941 in
721 904 850 941 terra
879 891 1054 941 casalis
1094 891 1143 940 S.
1176 889 1446 956 Sepulchri
1475 890 1676 955 partim,
1707 890 1853 954 quod
1881 902 2093 940 vocatur
2121 890 2329 955 Derina,

152 979 200 1016 et
226 966 410 1032 partim
438 967 492 1016 in
520 979 649 1015 terra
679 966 991 1030 communis,
1015 982 1146 1030 quae
1163 977 1375 1014 vocatur
1392 964 1657 1027 Bellemet,
1688 964 1738 1012 in
1770 964 2093 1013 occidentem
2121 964 2175 1013 in
2203 981 2329 1014 con-

152 1042 311 1091 ductu
366 1041 502 1090 dicto
557 1054 603 1090 et
655 1041 709 1090 in
762 1040 895 1107 petia
947 1053 1106 1089 terrae
1162 1055 1319 1105 quam
1372 1039 1599 1105 possidet
1653 1038 2100 1104 archiepiscopus,
2154 1055 2331 1089 versus

151 1127 383 1166 austrum
414 1115 468 1164 in
511 1115 659 1164 casali
703 1114 975 1181 Sepulchri
1020 1115 1211 1163 Darina
1242 1130 1419 1163 versus
1463 1112 1870 1179 septentrionem
1913 1112 1967 1162 in
2010 1113 2195 1177 rivulo,
2241 1114 2332 1179 qui

150 1203 335 1240 terram
378 1189 675 1239 communis
719 1203 766 1239 et
807 1202 992 1238 terram
1032 1189 1173 1238 feudi
1213 1187 1510 1251 intercedit).
1564 1187 1678 1237 Alia
1718 1187 1852 1253 petia
1894 1198 2056 1236 terrae
2099 1186 2332 1251 ejusdem

151 1264 293 1315 feudi
331 1264 617 1330 appellatur
655 1265 812 1314 Fossa
852 1263 1000 1329 (quae
1041 1263 1207 1312 firmat
1245 1263 1299 1311 in
1339 1262 1593 1312 orientem
1632 1261 1685 1311 in
1723 1261 1819 1326 via,
1851 1278 1983 1327 quae
2013 1261 2250 1311 discurrit
2279 1262 2332 1311 in

150 1352 334 1389 terram
374 1338 688 1403 communiS,
729 1338 783 1387 in
823 1338 1146 1387 occidentem
1186 1338 1240 1387 in
1281 1336 1561 1401 Sabulone,
1602 1336 1657 1385 in
1684 1336 2088 1402 septentrionem
2117 1336 2171 1385 in
2199 1336 2334 1402 petia

150 1426 309 1464 terrae
339 1414 389 1463 S.
410 1413 633 1463 Cosmae
662 1425 710 1462 et
738 1412 994 1477 Damiani,
1024 1412 1078 1461 in
1106 1424 1341 1462 austrum
1370 1411 1423 1460 in
1450 1423 1581 1460 terra
1610 1410 1939 1475 communis),
1961 1426 2119 1476 quam
2146 1422 2332 1460 terram

152 1488 382 1538 vendidit
409 1504 533 1537 avus
562 1487 680 1536 dicti
709 1487 932 1536 Rolandi
962 1503 1220 1537 consensu
1250 1486 1450 1535 domini
1482 1486 1807 1535 pantaleonis
1832 1486 2016 1549 Barbo,
2048 1486 2138 1534 sed
2155 1485 2334 1536 Vitalis

151 1562 350 1614 Galafat
387 1561 591 1626 tu(c)tor
629 1562 853 1611 Rolandi
894 1562 1011 1611 dicti
1052 1561 1176 1610 emit
1204 1561 1340 1610 dicto
1371 1561 1612 1610 Rolando
1640 1573 1873 1626 tempore
1905 1560 2152 1626 Stephani
2179 1559 2334 1609 Justi-

151 1637 292 1687 niani
318 1650 443 1686 tunc
474 1635 632 1700 bajuli
660 1653 754 1702 pro
775 1637 963 1686 LXXV
982 1636 1222 1685 bisantiiS.
1265 1635 1446 1685 Dictus
1473 1652 1596 1685 vero
1616 1634 1887 1684 Rolandus
1916 1635 1979 1684 de
2008 1634 2146 1684 dicto
2175 1634 2333 1684 feudo

151 1713 302 1761 habet
330 1712 549 1761 domum
579 1710 633 1760 in
661 1710 884 1760 tertiario
915 1712 1237 1761 Venetorum
1275 1723 1391 1759 ante
1431 1709 1481 1760 S.
1513 1710 1723 1759 Petrum
1763 1709 1912 1775 (quae
1952 1707 2119 1758 firmat
2156 1726 2333 1759 versus

151 1786 403 1836 orientem
431 1786 486 1835 in
514 1802 656 1851 ruga,
678 1801 810 1851 quae
841 1785 1079 1835 discurrit
1106 1798 1220 1834 ante
1251 1785 1445 1834 dictum
1475 1784 1525 1834 S.
1545 1785 1772 1850 Petrum,
1801 1800 1979 1833 versus
2010 1783 2334 1833 occidentem

150 1861 205 1910 in
233 1859 443 1910 ecclesia
472 1860 807 1924 Graecorum,
846 1876 1022 1909 versus
1063 1873 1296 1910 austrum
1330 1859 1383 1908 in
1412 1860 1590 1923 dom0,
1620 1875 1777 1924 quam
1818 1858 2045 1924 possidet
2085 1858 2333 1908 dominus

151 1935 215 1985 de
252 1936 459 2002 Beryto,
500 1951 676 1984 versus
720 1935 1124 2000 septentrionem
1167 1933 1222 1983 in
1266 1935 1426 1984 domo
1469 1932 1719 1983 Johannis
1763 1932 2101 1995 balneatoris).
2153 1932 2331 1982 Casale

150 2010 415 2080 Bethoron
465 2010 656 2059 habent
699 2009 882 2059 Veneti
927 2026 1046 2059 cum
1091 2008 1479 2075 archiepiscopo
1522 2008 1792 2075 Tyriensi,
1838 2007 1928 2073 qui
1971 2007 2042 2057 eis
2086 2007 2148 2056 de
2194 2021 2332 2073 parte

151 2085 387 2151 ipsorum
415 2096 601 2134 terram
630 2083 823 2134 detinet
851 2084 1000 2149 (quae
1028 2083 1194 2133 firmat
1221 2100 1398 2133 versus
1428 2083 1683 2133 orientem
1719 2082 1774 2131 in
1802 2082 1934 2148 petia
1962 2094 2121 2131 terrae
2150 2083 2333 2131 Nesun

151 2159 299 2209 casali
316 2158 413 2208 Tai
430 2159 642 2224 vicinae,
663 2175 838 2208 versus
866 2158 1273 2225 septentrionem
1300 2158 1355 2207 in
1380 2158 1512 2223 petia
1529 2170 1689 2207 terrae
1708 2157 1911 2206 Hebdel
1927 2157 2136 2221 Hoheb,
2155 2173 2332 2206 versus

150 2246 383 2284 austrum
410 2234 464 2283 in
494 2234 627 2300 petia
654 2246 831 2298 terrae,
875 2249 1032 2298 quam
1072 2234 1224 2282 habet
1263 2233 1518 2297 Hegmed,
1560 2232 1696 2282 filius
1737 2231 1954 2296 Melaeb,
1997 2243 2044 2280 et
2070 2230 2332 2280 sufficiens

152 2308 192 2358 II
219 2308 427 2375 paribus
466 2310 629 2358 boum
658 2321 705 2358 et
742 2308 834 2357 XL
862 2308 1132 2357 arboribus
1172 2306 1427 2357 olivarum
1466 2307 1689 2373 plantata
1715 2306 1924 2357 Venetis
1953 2306 2157 2355 detenta
2185 2305 2279 2355 fuit
2306 2323 2333 2354 a

152 2396 385 2449 ternpore
406 2382 700 2433 Salahadini
730 2395 777 2432 et
805 2395 878 2432 est
904 2383 1127 2431 laborata
1156 2400 1182 2430 a
1210 2382 1402 2431 rustico
1423 2381 1631 2444 Mufac).
1673 2381 1788 2430 Alia
1816 2381 1950 2447 petia
1976 2393 2153 2445 terrae,
2175 2396 2333 2445 quam

152 2457 474 2525 praepositus
516 2457 889 2524 archiepiscopi
932 2457 1140 2521 detinet,
1185 2469 1394 2506 vocatur
1437 2455 1701 2506 Carobleri
1755 2455 1903 2520 (quae
1947 2455 2115 2504 firmat
2155 2471 2332 2504 versus

153 2532 406 2583 orientem
435 2532 490 2581 in
518 2544 648 2582 terra
667 2533 935 2597 quondam
966 2531 1139 2580 rustici
1157 2531 1364 2580 Belhala
1383 2531 1518 2594 dicti,
1538 2547 1715 2580 versus
1734 2529 2057 2580 occidentem
2075 2530 2129 2578 in
2147 2542 2333 2579 terram

151 2607 464 2656 rusticorum
493 2608 830 2671 Venetorum,
870 2623 1045 2655 versus
1086 2618 1316 2656 austrum
1347 2606 1401 2655 in
1430 2619 1557 2655 terra
1586 2607 1647 2654 ab
1677 2604 2065 2670 archiepiscopo
2095 2604 2331 2668 detenta),

153 2681 250 2731 alia
276 2693 471 2731 retenta
498 2694 712 2732 vocatur
739 2682 802 2730 de
833 2681 988 2730 Sarde
1030 2681 1179 2746 (quae
1219 2697 1394 2729 versus
1435 2680 1685 2729 orientem
1725 2678 1891 2728 firmat
1919 2678 1972 2727 in
2001 2695 2212 2742 masara,
2243 2678 2332 2728 ubi

154 2754 374 2806 efficitur
400 2756 599 2821 vinum,
628 2773 807 2806 versus
836 2756 1158 2805 occidentem
1189 2755 1240 2804 in
1269 2768 1412 2820 terra,
1431 2771 1590 2820 quam
1617 2766 1756 2803 tenet
1783 2753 2155 2819 archiepiscopi
2183 2753 2334 2802 rusti-

155 2847 245 2880 cus
272 2830 494 2894 Hamed,
523 2848 702 2880 versus
741 2831 1146 2896 septentrionem
1179 2830 1232 2878 in
1260 2842 1388 2878 terra
1425 2828 1702 2896 praepositi
1731 2827 1866 2892 dicti,
1896 2844 2073 2877 versus
2101 2840 2334 2877 austrum

154 2905 209 2955 in
236 2905 316 2954 via
343 2904 575 2971 publica;
607 2905 701 2954 alia
731 2905 864 2971 petia
892 2905 983 2954 sita
1012 2918 1083 2953 est
1111 2904 1247 2967 juxta
1268 2904 1481 2967 fontem,
1503 2920 1659 2968 quam
1688 2904 1894 2952 tenebat
1920 2902 2140 2952 rusticus
2169 2902 2334 2951 archi-

156 2979 387 3046 episcopi
414 2980 657 3046 Basalag),
698 2980 819 3029 item
849 2980 1106 3029 detinetur
1133 2978 1228 3027 alia
1257 2991 1384 3027 terra
1412 2979 1479 3028 IX
1506 2978 1695 3030 modiis
1724 2977 1969 3027 frumenti
1997 2976 2259 3026 sufficiens
2287 2990 2335 3025 et

154 3054 303 3103 vinea
331 3071 358 3103 a
384 3054 603 3119 Bosalag
631 3054 766 3104 dicto
797 3070 1029 3120 possessa
1070 3053 1218 3118 (quae
1259 3053 1426 3101 firmat
1464 3069 1642 3102 versus
1683 3052 1935 3102 orientem
1975 3052 2029 3101 in
2069 3064 2332 3115 montana,

156 3144 332 3178 versus
360 3128 683 3179 occidentem
710 3129 764 3178 in
792 3128 957 3192 vinea,
979 3145 1137 3193 quam
1165 3141 1303 3177 tenet
1330 3128 1492 3192 Raffa,
1514 3127 1735 3176 rusticus
1753 3125 2139 3192 archiepiscopi,
2157 3142 2333 3174 versus

156 3202 564 3268 septentrionem
592 3216 854 3267 montana,
875 3220 1050 3252 versus
1070 3214 1302 3251 austrum
1322 3202 1375 3251 in
1393 3202 1557 3260 vinea,
1578 3217 1737 3267 quam
1756 3202 1906 3251 habet
1924 3201 2143 3250 rusticus
2165 3200 2334 3264 Megel

158 3276 414 3343 Sachays),
435 3293 566 3343 quae
587 3278 907 3344 plantabatur
934 3279 994 3325 ab
1024 3277 1411 3343 archiepiscopo
1439 3276 1491 3326 in
1520 3290 1752 3342 tempore
1782 3275 2031 3342 captionis
2055 3274 2331 3323 Damiatae.

158 3351 282 3400 Item
310 3352 567 3402 detinetur
592 3353 758 3416 vinea,
793 3368 950 3417 quam
980 3350 1205 3417 possidet
1234 3352 1418 3417 Naym,
1449 3350 1585 3400 filius
1614 3352 1775 3414 Fetto,
1807 3349 2028 3400 rusticus
2056 3348 2334 3414 archiepis—

159 3425 275 3491 copi
305 3425 453 3491 (quae
483 3426 648 3477 firmat
674 3443 850 3476 versus
879 3426 1132 3475 orientem
1163 3425 1216 3474 in
1245 3426 1497 3475 divisione
1529 3426 1699 3490 Megel
1728 3424 1976 3488 Sarchais,
1995 3441 2171 3473 versus
2200 3422 2333 3471 occi-

161 3500 370 3549 dentem
398 3501 450 3550 in
478 3501 625 3551 vinea
653 3501 825 3551 rustici
855 3499 1227 3566 archiepiscopi
1268 3500 1415 3563 Sade,
1457 3517 1633 3550 versus
1673 3499 2078 3565 septentrionem
2108 3498 2159 3546 in
2188 3497 2334 3546 vinea

160 3574 544 3641 archiepiscopi,
564 3592 722 3640 quam
740 3587 878 3624 tenet
895 3575 1114 3624 rusticus
1132 3575 1446 3637 Habdelceb,
1466 3592 1642 3624 versus
1670 3587 1904 3624 austrum
1935 3573 1986 3622 in
2015 3586 2143 3621 terra
2172 3571 2334 3620 archi-

161 3649 424 3715 episcopi),
454 3662 500 3698 et
527 3650 675 3700 vinea
703 3651 813 3715 alia,
834 3665 992 3714 quam
1020 3649 1211 3698 laborat
1239 3661 1288 3698 et
1317 3649 1543 3715 possidet
1562 3649 1826 3711 Sideomri,
1849 3648 1983 3698 filius
2012 3647 2154 3696 Boali
2185 3647 2334 3712 (quae

161 3723 327 3773 firmat
344 3739 520 3774 versus
540 3725 792 3774 orientem
821 3738 868 3774 et
898 3724 1217 3772 occidentem
1246 3723 1298 3772 in
1316 3723 1479 3772 vineis
1501 3725 1837 3785 Venetorum,
1860 3723 1912 3771 in
1931 3722 2334 3788 septentrionem

162 3798 217 3847 in
255 3797 440 3847 oliveta
483 3799 868 3865 archiepiscopi,
912 3814 1069 3863 quam
1113 3810 1249 3847 tenet
1292 3798 1510 3848 rusticus
1555 3799 1740 3864 Naym,
1784 3813 1961 3846 versus
2005 3809 2237 3845 austrum
2281 3797 2334 3845 in

161 3871 310 3921 vinea
337 3872 723 3940 archiepiscopi,
743 3889 900 3938 quam
928 3885 1063 3922 tenet
1091 3872 1310 3922 rusticus
1329 3872 1542 3935 Mesied)
1572 3886 1620 3921 et
1648 3873 1811 3936 vinea,
1834 3887 1990 3938 quam
2019 3884 2154 3920 tenet
2183 3873 2333 3921 rusti—

163 3962 253 3997 cus
281 3947 468 3998 Feebet
507 3946 655 4012 (quae
698 3948 864 3998 firmat
905 3963 1081 3997 versus
1124 3946 1376 3997 orientem
1420 3949 1473 3997 in
1516 3948 1698 3997 oliveta
1742 3946 2130 4013 archiepiscopi,
2175 3962 2333 4011 quam
