2684 4244
966 103 1096 161 regni
1121 103 1553 163 llierosolymitani.
2252 130 2259 159 1
2278 114 2343 166 (η)

246 284 294 350 (1
315 284 423 334 184
441 286 617 353 Sept).
637 316 707 321 —
726 286 1011 336 Balduinus
1030 286 1113 350 IV,
1131 303 1215 335 rex
1231 286 1753 352 Hierosolymitanus,
1772 287 2019 351 E(raclio),
2037 287 2346 354 patriarchae

174 360 666 428 Hierosolymitano,
682 362 714 425 1)
735 360 998 423 A(rnaldo)
1018 360 1225 426 Templi
1245 374 1291 410 et
1310 359 1570 426 R(ogerio)
1591 362 1869 427 Hospitalis
1890 362 2140 426 magistris
2159 362 2345 425 scribit,

171 451 223 483 se
250 435 490 500 gaudere,
512 437 655 501 quod
685 453 743 485 ex
773 451 954 484 eorum
982 434 1156 483 litteris
1185 435 1502 500 cognoverit,
1534 452 1622 484 eos
1641 436 1978 486 Brundisium
1997 437 2162 486 salvos
2181 453 2345 502 appu-

171 508 305 567 lisse,
335 521 383 557 et
411 510 474 559 de
512 509 925 576 expeditionibus
954 509 1087 557 varia
1128 509 1344 571 nuntiat,
1376 525 1503 574 quas
1533 509 1803 559 Saladinus
1839 511 2104 559 mensibus
2143 511 2258 560 Julii
2302 524 2347 559 ct

173 583 395 647 Augusti
425 584 477 633 in
506 583 634 633 fines
663 583 1061 633 christianorum
1092 582 1207 632 fecit
1236 582 1508 645 (Radulfus
1538 584 1599 632 de
1631 584 1810 634 Diceto
1840 585 1896 648 ΙΙ,
1928 602 1975 650 p.
2010 587 2252 645 27—283
2284 585 2344 633 cf.

172 656 422 706 Rohricht
451 658 503 707 in
533 659 786 723 GorgenS,
818 659 968 707 Arab.
1001 657 1372 718 Quellenbeitr.
1405 657 1439 719 I,
1471 674 1518 722 p.
1557 674 1786 723 54—55,
1818 659 1973 721 Not.).
2232 657 2348 706 638

296 744 328 796 ¹)
354 742 424 785 De
449 740 662 801 ejusdem
685 741 850 786 itinere
870 739 1154 785 occidentali
1172 740 1230 784 cf.
1246 740 1475 785 Rohricht
1493 740 1537 784 in
1557 741 1732 786 Histor.
1750 741 1975 786 Zeitschr.
1998 742 2121 802 1875,
2137 743 2348 798 XXXIV,

173 815 216 859 p.
248 815 429 845 10—12.

319 909 348 934 „
429 873 631 938 Octob.,
676 873 781 923 ind.
814 873 890 922 ΙΙΙ.
945 876 1138 922 Accon.
1183 900 1256 905 ——
1299 872 1608 921 Dominicus
1653 873 1714 921 de
1759 873 1966 923 Mulino
2011 875 2073 923 de
2118 874 2348 923 confinio

171 946 221 996 S.
253 946 483 997 Gervasii
513 961 560 997 et
587 948 848 997 Johannes
879 948 940 996 de
970 946 1198 996 Fusculo
1228 946 1289 995 de
1319 946 1551 996 confinio
1592 948 1641 995 S.
1674 948 1855 996 Crucis
1885 947 2209 1010 confirmant,
2241 949 2348 997 Do-

171 1020 424 1071 minicum
453 1025 806 1072 Acontantum
838 1022 898 1070 de
928 1020 1158 1070 confinio
1199 1020 1248 1069 S.
1278 1020 1449 1069 Basilii
1486 1037 1659 1070 coram
1687 1021 1809 1087 ipsis
1838 1034 1885 1070 et
1914 1023 2149 1071 Manasse
2178 1023 2348 1072 Bado-

169 1095 325 1159 vario,
356 1096 523 1159 legato
553 1096 697 1145 ducis
727 1097 1065 1157 Venetorum,
1097 1107 1144 1144 et
1171 1095 1360 1144 Jacobo
1390 1096 1636 1144 Dandulo
1667 1096 1728 1144 de
1758 1096 1988 1146 confinio
2018 1097 2066 1146 S.
2089 1098 2257 1146 Lucae
2287 1097 2349 1146 de

172 1169 302 1220 facto
344 1170 393 1220 S.
427 1171 585 1220 Marci
624 1170 892 1237 Tyriensis
932 1182 979 1219 et
1018 1169 1127 1218 aliis
1167 1169 1389 1233 negotiis
1429 1170 1681 1219 rationem
1717 1170 1909 1220 fecisse.
1940 1200 2011 1205 ——
2042 1171 2349 1220 Dominicus

170 1245 233 1293 da
262 1244 482 1307 Molino,
512 1245 734 1294 Johanes
764 1246 825 1294 de
855 1244 1098 1294 Fusculo.
1143 1243 1435 1309 Stephanus
1465 1244 1690 1308 Fuscari,
1733 1246 1995 1311 presbyter
2023 1258 2070 1294 et
2099 1246 2347 1306 notarius,

170 1317 447 1385 complevit
476 1332 524 1368 et
551 1319 808 1369 roboravit
837 1319 1007 1382 (Arch.
1037 1319 1237 1369 Veneto
1277 1320 1429 1383 1875,
1458 1319 1522 1383 X,
1553 1336 1601 1385 p.
1637 1321 1758 1384 338,
1790 1320 1889 1369 No.
1923 1320 2025 1383 68).
2235 1318 2350 1367 639

320 1445 348 1470 ,,
428 1412 623 1458 Accon.
668 1437 739 1443 ——
782 1408 1037 1473 Rogerius
1078 1408 1140 1456 de
1171 1407 1398 1472 Molinis,
1441 1408 1723 1474 Hospitalis
1762 1409 2019 1473 magister,
2060 1408 2349 1459 Bisansono

169 1483 356 1532 domos
396 1483 644 1548 quasdam
685 1483 739 1531 in
779 1483 974 1532 civitate
1016 1482 1239 1532 Acconis
1279 1482 1411 1547 sitas,
1452 1499 1579 1548 quas
1613 1483 1792 1532 Petrus
1821 1483 2041 1532 Bertasia
2069 1500 2163 1549 pro
2193 1500 2349 1533 censu

170 1557 336 1606 XXIX
366 1557 707 1607 bisantiorum
736 1557 947 1607 annuali
975 1558 1193 1621 tenebat,
1236 1556 1404 1623 sigillo
1433 1557 1669 1624 apposito
1700 1558 1884 1607 eodem
1914 1574 2072 1608 censu
2102 1559 2350 1607 tenendas

169 1630 420 1695 concedit,
467 1632 658 1697 quibus
701 1631 932 1695 adjacent
971 1632 1160 1681 domus
1202 1632 1392 1681 Mariae
1432 1633 1494 1681 de
1535 1632 1765 1698 Caypha,
1811 1632 2039 1682 filiorum
2081 1634 2351 1698 quondam

169 1705 450 1770 Paganotti,
481 1706 619 1755 curia
648 1706 838 1756 Mariae
867 1705 1091 1755 Bubalae
1121 1718 1169 1755 et
1196 1706 1276 1755 via
1304 1706 1524 1772 publica.
1551 1735 1610 1741 ——
1636 1706 1860 1756 Fratres:
1893 1707 2175 1757 Garnerius
2205 1724 2349 1773 prae—

170 1793 360 1845 ceptor,
392 1779 616 1844 Odinus,
647 1779 848 1844 bajulus
877 1781 1211 1844 Acconensis,
1242 1781 1491 1831 Girardus
1519 1781 1882 1843 thesaurarius,
1914 1782 2092 1831 Petrus
2121 1781 2349 1845 Galterii,

169 1854 519 1919 Hermandus,
550 1855 851 1904 castellanus
881 1855 1034 1919 Crati,
1081 1855 1400 1919 Alebaudu8,
1432 1855 1736 1905 castellanus
1765 1855 2057 1916 Belviderii,
2099 1857 2258 1921 Hugo
2288 1857 2351 1905 de

171 1928 502 1994 Qualquelia,
547 1930 803 1979 Henricus
845 1931 906 1979 de
948 1929 997 1979 S.
1028 1930 1246 1990 Boneto,
1292 1931 1470 1979 Petrus
1499 1931 1560 1980 de
1591 1930 1899 1993 Mirmanda,
1947 1931 2259 1981 Guillelmus
2289 1932 2351 1980 de

170 2003 366 2067 Rocha,
397 2003 726 2067 Guillelmus,
757 2003 1118 2070 hospitalarius
1144 2005 1480 2069 Acconensis,
1512 2004 1820 2071 Stephanus,
1851 2005 1991 2071 prior
2018 2006 2352 2056 AcconensiS.

167 2079 239 2112 —-'
268 2078 574 2128 Notandum
615 2091 702 2142 est,
747 2080 890 2144 quod
931 2079 1097 2128 dictus
1136 2078 1456 2128 Bisansonus
1496 2096 1754 2128 consensu
1798 2080 2006 2144 Rogerii
2046 2080 2272 2144 magistri
2307 2094 2353 2129 et

168 2151 348 2217 regalis
377 2153 546 2202 curiae
577 2154 783 2202 easdem
812 2154 997 2202 domos
1026 2153 1120 2201 sibi
1150 2170 1177 2201 a
1204 2153 1352 2202 Petro
1371 2154 1592 2203 Bertasia
1618 2154 1768 2203 vadio
1796 2153 2042 2218 obligatas
2071 2167 2188 2220 post
2216 2153 2351 2218 ejus—

171 2226 289 2275 dem
307 2240 528 2276 mortem
548 2244 642 2293 pro
664 2228 919 2278 CCXXIII
939 2227 1166 2276 bisantiis
1186 2241 1375 2276 emerat
1392 2240 1440 2277 et
1458 2228 1589 2277 Petri
1608 2228 1862 2277 Bertasiae
1884 2229 2057 2278 uxoris
2076 2229 2351 2294 curiaeque

169 2301 302 2366 regis
329 2317 589 2351 consensu
618 2319 712 2368 pro
742 2303 914 2351 debito
944 2302 1166 2351 retinuit.
1186 2330 1259 2337 —
1277 2302 1558 2352 Gilibertus
1577 2303 1638 2351 de
1667 2303 1859 2367 Florio,
1879 2303 2167 2353 vicecomes
2186 2308 2351 2352 Acco-

172 2375 362 2438 nensis,
394 2376 707 2426 Guillelmus
736 2377 798 2426 de
828 2376 1060 2440 FurchiS,
1103 2376 1386 2426 Rainaldus
1415 2377 1478 2426 de
1505 2377 1740 2438 Trechis,
1770 2378 2054 2426 Ancelmus
2082 2378 2350 2437 LucensiS,

171 2449 500 2500 Reimundus
545 2451 870 2514 camerarius,
915 2451 1210 2500 Bernardus
1254 2452 1316 2500 de
1360 2451 1602 2517 Templo,
1649 2451 1768 2501 Odo
1813 2452 1875 2500 de
1917 2452 2163 2515 Conchis,
2204 2451 2352 2516 jurati

169 2524 301 2588 regis
329 2524 593 2587 (Delaville
621 2525 667 2575 le
698 2526 885 2590 Roulx,
928 2542 976 2591 p.
1018 2526 1318 2592 154—156,
1360 2526 1460 2575 No.
1493 2527 1558 2575 62
1594 2524 1671 2591 [cf.
1702 2543 1751 2592 p.
1787 2524 1899 2591 22];
1943 2527 2110 2591 Prutz,
2146 2544 2194 2593 p.
2236 2544 2350 2592 123,

171 2599 270 2648 No.
308 2599 406 2664 58).
2235 2600 2351 2649 640

275 2678 423 2728 1185
454 2681 601 2730 Mart.
633 2698 708 2746 15.
752 2685 931 2731 Accon
960 2681 1014 2730 in
1043 2680 1254 2730 ecclesia
1283 2681 1332 2731 S.
1354 2682 1633 2731 Laurentii.
1664 2709 1736 2716 —
1766 2682 2035 2732 Arduinus
2066 2683 2352 2733 Marchisus

171 2755 334 2804 sorori
353 2772 492 2820 suae,
513 2756 783 2821 quondam
812 2755 960 2805 uxori
982 2755 1154 2804 Enrici
1176 2755 1448 2820 Malocelli,
1480 2756 1744 2806 castellum
1765 2757 1827 2805 de
1848 2756 2000 2806 Stella
2019 2774 2139 2806 cum
2158 2775 2352 2824 appen-

172 2828 306 2878 ditiis
335 2830 571 2879 concedit
598 2843 646 2879 et
675 2830 959 2879 confirmat.
1001 2858 1072 2864 -—
1112 2830 1333 2879 Alardus
1374 2830 1596 2897 Coupel,
1640 2832 1909 2880 Rolandus
1950 2832 2012 2880 de
2054 2832 2350 2895 Carmaino,

172 2902 517 2954 Bellemustus
546 2904 831 2969 Lercarius,
863 2904 1211 2968 Russignolus
1240 2904 1439 2967 (Giorn.
1470 2906 1665 2971 Ligust.
1697 2907 1848 2967 1878,
1879 2906 1941 2970 V,
1972 2923 2020 2972 p.
2056 2907 2193 2971 341).
2238 2906 2345 2954 641

319 3030 349 3055 ,,
427 2994 588 3059 April.
633 3022 706 3028 —
749 2994 1077 3043 Raimundus
1115 2994 1176 3043 de
1205 2994 1396 3043 Tribus
1426 2994 1687 3058 Clavibus,
1730 3010 1988 3044 consensu
2034 2996 2350 3061 Raymundi,

172 3067 371 3116 comitis
399 3067 723 3134 Tripolitani,
753 3067 967 3134 ejusque
998 3068 1166 3132 sigillo
1204 3068 1489 3129 confirmat,
1532 3086 1583 3118 se
1624 3086 1715 3135 per
1753 3085 1969 3119 manum
2011 3070 2350 3118 Erchenbaldi

171 3142 516 3208 praeceptoris
545 3155 593 3191 et
620 3143 848 3206 Ermani,
881 3142 1137 3192 castellani
1167 3143 1320 3206 Crati,
1352 3160 1445 3209 pro
1474 3156 1603 3192 terra
1632 3143 1828 3193 Galifae
1859 3157 1905 3193 et
1934 3143 2110 3193 Aieslo
2140 3162 2165 3192 a
2194 3159 2351 3193 matre

171 3233 263 3265 sua
291 3216 496 3266 vendita
524 3216 577 3266 in
607 3218 971 3266 concambium
1012 3217 1265 3282 accepisse
1295 3218 1474 3267 casalia
1508 3218 1739 3267 Faudam
1770 3231 1817 3267 et
1846 3218 2160 3278 Sumessam,
2195 3220 2350 3282 gasti-

172 3306 294 3339 nam
346 3290 577 3355 Corcois,
634 3304 818 3341 terram
862 3304 1174 3340 carrucatam
1218 3290 1450 3355 ejusdem
1493 3293 1735 3357 gastinae,
1782 3309 1939 3357 quam
1982 3293 2244 3342 ,Iohannes
2289 3294 2349 3341 dc

172 3363 415 3414 Fabbrica
444 3378 491 3414 et
519 3366 732 3415 heredes
773 3367 993 3415 debeant
1033 3367 1235 3429 habere,
1279 3383 1504 3431 necnon,
1550 3366 1799 3432 quamdiu
1841 3366 2045 3427 viveret,
2084 3367 2349 3416 annuatim

174 3438 217 3487 V
248 3437 491 3488 frumenti
520 3440 739 3504 modiOS,
768 3440 982 3489 totidem
1011 3440 1191 3489 hordei
1221 3453 1267 3489 et
1294 3441 1383 3489 XL
1412 3440 1561 3503 jarras
1599 3442 1703 3490 vini
1744 3455 2074 3507 accepturum
2118 3459 2240 3493 esse.
2283 3471 2297 3474 -
2347 3472 2349 3474 ·

175 3513 398 3562 Fratres:
429 3514 703 3579 ErmanuS,
723 3515 860 3564 Crati
890 3514 1207 3577 castellanus,
1229 3514 1527 3565 Willelmus
1556 3517 1618 3565 de
1639 3515 1840 3575 Acerio,
1863 3515 2003 3581 prior
2031 3515 2351 3570 clericorum,

174 3587 399 3638 Garinus
429 3589 489 3637 de
522 3589 708 3651 Melna,
740 3589 999 3638 Henricus
1029 3589 1090 3637 de
1121 3588 1169 3637 S.
1191 3590 1408 3651 Boneto,
1438 3590 1735 3639 Willelmus
1765 3590 1826 3638 de
1858 3590 2109 3644 Molizun,
2145 3591 2259 3653 Ilgo
2289 3591 2350 3638 dc

174 3661 468 3727 Cauchelia,
511 3663 766 3726 Rogerius
807 3664 868 3712 dc
909 3662 954 3711 la
996 3663 1152 3726 Rum,
1187 3662 1429 3713 Trinium
1471 3666 1645 3724 Cadel,
1688 3665 1970 3712 Herbertus
2011 3665 2072 3712 dc
2114 3664 2350 3719 ldncriss,

174 3735 524 3798 Geroldonus,
556 3738 695 3802 prior
725 3737 1057 3799 Acconensis,
1100 3738 1278 3786 Petrus
1308 3738 1369 3787 de
1401 3739 1707 3799 Mirmundu,
1737 3738 1992 3787 Joss'redus
2022 3739 2083 3786 de
2116 3738 2348 3791 Donion,

176 3810 481 3874 MonteriuS,
527 3812 828 3861 castellanus
870 3812 931 3860 de
972 3811 1212 3875 Belveeir,
1252 3812 1551 3862 Willelmus
1594 3815 1713 3875 Mat,
1763 3812 1975 3861 l‘ontius
2005 3812 2065 3860 dc
2100 3812 2199 3874 13:11,
2248 3813 2349 3861 Gui

176 3884 360 3949 Rufus,
393 3884 673 3935 Rainaldus
704 3886 1011 3949 Balistarius,
1044 3885 1257 3935 Pontius
1287 3886 1348 3935 dc
1380 3887 1648 3951 Maimont,
1671 3887 1963 3952 Stephanus
1982 3887 2043 3935 dc
2070 3887 2347 3939 Maimont:
