2684 4244
964 152 1095 207 regni
1119 151 1551 211 Hierosolymitani.
2296 155 2350 211 65

263 318 406 369 1235
438 320 592 386 April.
632 336 706 369 10.
735 347 806 355 -—-—
846 319 1070 369 Garinus
1099 321 1150 378 ΙΙ,
1193 321 1430 387 magister
1459 320 1752 387 Hospitalis,
1795 336 1967 369 coram
2009 319 2350 386 Theoderico,

180 394 563 459 archiepiscopo
601 394 888 454 Ravennae,
920 394 1063 443 Sedis
1093 395 1415 461 Apostolicae
1443 394 1607 459 legato
1621 395 1671 458 1),
1712 394 1875 444 fusius
1917 396 2248 460 conqueritur
2290 395 2353 445 de

180 468 416 519 fratribus
444 466 665 534 Templi
695 469 785 533 qui
813 482 1020 517 cursum
1060 485 1223 534 aquae
1269 469 1383 518 usui
1425 468 1711 518 molendini
1752 468 2031 535 Hospitalis
2075 471 2352 519 necessarie

179 541 508 609 impediant2)
539 542 617 603 (D.
646 544 784 594 Cart.
810 543 865 591 ΙΙ.
897 560 941 618 p.
971 545 1096 608 483.
1130 545 1227 593 No.
1260 558 1429 600 2107;
1462 543 1652 591 Invent.
1682 560 1728 608 p.
1764 545 1849 608 84
1881 544 1976 592 No.
2011 545 2147 609 244).
2186 543 2353 592 10613

336 611 364 667 ¹)
390 611 483 667 Qui
506 625 531 654 a
556 611 792 668 Gregorio
815 595 877 656 IX
910 611 956 655 in
980 601 1180 656 Terram
1214 611 1443 657 Sanctam
1482 612 1652 656 missus
1688 611 1843 656 fuerat
1877 612 1991 669 (RK.
2015 627 2059 671 p.
2083 612 2221 673 831-
2232 615 2352 672 834).

182 673 216 724 2)
237 669 564 715 Concordiam
598 670 720 715 inter
754 682 1011 737 utrumque
1047 671 1265 715 ordinem
1304 672 1362 715 de
1398 670 1684 716 molendinis
1720 670 1926 715 fluminis
1950 674 2150 718 Acconis
2174 687 2213 718 a.
2247 688 2351 733 ¹235

179 731 250 787 (25
275 728 416 785 sulio)
440 728 612 773 factam
636 729 797 775 videas
820 745 868 774 in
890 731 987 774 RH.
1014 732 1103 775 No.
1136 731 1263 775 1062.

328 846 358 874 .,
436 807 549 858 Jun
581 825 662 874 23
693 810 952 874 perugiae.
987 837 1051 845 —-
1084 809 1364 873 Gregorius
1392 809 1459 858 IX
1487 809 1653 857 abbati
1681 809 1728 859 S
1758 809 2009 859 Samuelis
2037 812 2355 860 Acconensis

179 882 243 934 O.
273 883 364 943 Pr..
395 883 539 948 quod
567 899 718 933 causa
746 884 876 933 inter
903 888 1261 933 Acconensem
1290 882 1591 949 episcopum
1620 899 1679 932 ex
1709 899 1812 932 una
1833 897 1969 949 parte
1998 897 2044 932 et
2072 886 2353 950 plebanum

179 956 492 1022 clericosque
536 958 755 1023 capellae
796 958 846 1009 S.
876 958 1032 1007 Marci
1075 969 1123 1006 et
1156 957 1283 1006 alios
1311 957 1536 1006 Venetos
1579 957 1630 1006 in
1677 958 1803 1007 urbe
1832 958 2053 1007 Acconis
2098 973 2354 1009 morantes

179 1032 466 1081 vertebatur
493 1048 646 1098 super
673 1031 781 1094 jure
808 1032 1087 1099 parochiali
1116 1031 1345 1093 ejusdem
1383 1031 1621 1096 capellae,
1665 1032 1889 1094 mandat,
1920 1045 1976 1081 ut
2002 1032 2230 1098 partibus
2256 1046 2355 1082 ter-

179 1105 382 1155 minum
412 1105 479 1155 IX
507 1106 762 1155 mensium
791 1106 1048 1173 praefigat,
1090 1122 1198 1171 quo
1227 1105 1530 1171 Apostolico
1571 1106 1867 1171 conspectui
1896 1123 1947 1155 se
1978 1121 2357 1172 repraesentent

181 1178 325 1244 (Reg.
356 1177 592 1245 Gregorii
620 1179 707 1241 IX,
736 1180 834 1231 No,
867 1180 1040 1245 2652).
2187 1177 2357 1229 1061b

336 1249 364 1306 ¹)
387 1249 458 1293 De
481 1249 679 1294 ecclesia
701 1249 749 1294 S.
773 1248 920 1294 Marci
941 1248 1211 1294 Acconensi
1232 1248 1534 1293 Venetorum
1557 1247 1616 1292 cf.
1641 1246 1824 1291 ZDPV.
1850 1248 1906 1306 X,
1929 1262 1973 1306 p.
2007 1263 2186 1306 19—20.

328 1365 358 1390 ‚,
434 1326 534 1377 Juli
566 1344 647 1393 25.
675 1331 871 1378 Accon.
895 1355 969 1363 —
986 1325 1280 1378 Conventio
1298 1328 1430 1377 inter
1449 1327 1655 1394 Templi
1675 1340 1722 1376 et
1740 1327 2019 1394 Hospitalis
2038 1327 2212 1379 fratres
2230 1328 2357 1379 facta

178 1399 233 1450 in
261 1399 322 1450 D.
351 1401 485 1451 Cart.
513 1400 568 1465 ΙΙ,
597 1419 644 1468 p.
672 1403 981 1467 486—487‚
1009 1402 1109 1452 No,
1144 1417 1200 1452 21
1225 1417 1299 1457 17.
2211 1401 2356 1452 1062

327 1513 357 1539 ,,
434 1479 567 1541 Aug.
598 1492 680 1542 23.
710 1476 918 1526 Perusii.
945 1505 1018 1511 —
1046 1476 1328 1542 Gregorius
1355 1475 1422 1526 IX
1461 1474 1669 1542 Templi
1713 1488 1760 1525 et
1800 1476 2080 1543 Hospitalis
2120 1478 2357 1528 fratribus

178 1549 274 1598 sub
302 1565 469 1615 poena
496 1548 1046 1601 excommunicationis
1073 1550 1298 1614 mandat,
1339 1562 1394 1600 ut
1423 1550 1820 1600 conventionem
1849 1569 1875 1600 a
1903 1550 2249 1616 TheoderiCO,
2278 1570 2356 1603 ar-

178 1622 511 1690 chiepiscopo
541 1623 830 1688 Ravennae,
858 1624 1024 1690 legato
1054 1623 1198 1674 Sedis
1227 1622 1571 1691 Apostolicae,
1604 1625 1666 1674 de
1695 1625 2010 1675 molendinis
2039 1629 2356 1677 Acconensi-

179 1697 275 1747 bus
302 1695 484 1747 factam
512 1699 763 1765 accipiant
780 1712 827 1748 et
844 1701 1116 1749 observent
1134 1699 1216 1763 (D.
1234 1699 1367 1750 Cart.
1385 1699 1441 1763 ΙΙ,
1460 1717 1506 1765 p.
1524 1701 1648 1764 489,
1671 1700 1771 1749 No.
1798 1716 1964 1761 21203
1997 1702 2121 1765 Reg.
2142 1702 2356 1766 Gregor.

179 1769 278 1821 No.
309 1772 483 1836 2742).
510 1766 525 1841 ΙΙ
562 1788 692 1838 1235
717 1775 848 1839 Aug.
885 1789 968 1839 23.
989 1771 1198 1823 Perusii.
1226 1800 1299 1808 —-
1326 1772 1466 1822 Idem
1484 1772 1691 1840 Templi
1711 1773 1925 1823 Domini
1955 1788 2003 1824 et
2031 1774 2080 1825 S.
2103 1775 2356 1826 Samuelis

179 1845 444 1896 abbatibus
472 1848 860 1896 Acconensibus
887 1848 1113 1911 mandat,
1154 1860 1211 1897 ut
1252 1848 1315 1897 de
1358 1862 1512 1913 supra
1555 1847 1686 1898 dicta
1727 1848 2068 1899 conventione
2099 1865 2265 1916 usque
2294 1850 2357 1900 ad

178 1920 471 1987 passagium
508 1921 675 1970 Martii
715 1922 992 1972 rescribant
1033 1921 1110 1984 (D.
1141 1922 1275 1972 Cart.
1306 1920 1360 1986 11,
1390 1938 1438 1988 p.
1468 1937 1592 1987 490,
1619 1921 1720 1972 No,
1756 1938 1886 1972 2121
1912 1939 1922 1981 ;
1966 1923 2091 1988 Reg.
2120 1924 2357 1990 Gregorii

180 1991 278 2044 No.
308 1995 486 2060 2744).
2186 1996 2359 2047 1062*

326 2107 356 2133 ,,
433 2069 564 2118 Νον.
592 2073 785 2119 Accon.
811 2098 884 2105 —-
912 2070 1099 2120 Charta
1128 2071 1306 2120 Garini
1325 2071 1381 2135 ΙΙ,
1408 2071 1688 2137 Hospitalis
1716 2071 1957 2136 magistri,
1985 2073 2036 2121 in
2066 2074 2127 2123 D.
2148 2073 2283 2124 Cart.
2304 2074 2358 2138 ΙΙ,

180 2159 229 2210 p.
257 2159 569 2209 493—494‚
597 2142 693 2194 No,
730 2145 885 2194 2126.
2206 2147 2354 2196 1063

170 2245 174 2254 ·
328 2256 357 2282 „
435 2215 565 2267 Nov.
594 2221 872 2284 Augustae.
900 2247 972 2252 —
1000 2217 1331 2280 Privilegium
1360 2237 1386 2268 a
1408 2218 1667 2268 Friderico
1688 2217 1726 2268 ΙΙ
1755 2233 1802 2269 et
1830 2217 2061 2284 ejusdem
2089 2222 2196 2271 filio
2215 2222 2357 2272 Con—

178 2289 304 2342 rado
332 2289 430 2355 (IV)
473 2308 590 2356 rege
634 2291 992 2342 confirmatum
1036 2292 1090 2341 in
1134 2290 1330 2342 Weller
1372 2291 1407 2357 Ι,
1447 2310 1492 2359 p.
1524 2294 1608 2357 88,
1648 2292 1747 2343 No.
1790 2311 1913 2360 ¹453
1960 2313 2007 2362 p.
2058 2296 2357 2360 116—117,

178 2364 278 2416 No.
314 2381 430 2415 201.
2210 2370 2357 2419 1064

327 2477 358 2504 ,,
435 2438 567 2490 Nov.
599 2439 1022 2507 (Hierosolymis).
1049 2468 1121 2474 —
1150 2440 1337 2490 Charta
1357 2442 1677 2508 Stephaniae,
1703 2443 1833 2492 ssoni
1851 2444 2102 2493 Johannis
2129 2445 2276 2507 filiae,
2302 2447 2356 2495 in

183 2514 243 2566 D.
270 2513 405 2565 Cart.
432 2515 486 2578 11,
516 2531 563 2581 p.
590 2531 715 2579 494,
743 2516 840 2564 No.
875 2531 1042 2575 21273
1074 2515 1266 2565 Invent.
1296 2533 1342 2582 p.
1372 2517 1458 2580 84,
1489 2517 1585 2565 No.
1622 2531 1739 2581 245.
2220 2519 2364 2568 1065

327 2642 357 2668 ,,
436 2602 556 2654 Dee.
584 2633 657 2638 -—
685 2602 876 2670 Sibylla
916 2604 978 2652 de
1019 2602 1283 2668 Surdeval‚
1324 2605 1477 2655 vidua
1517 2605 1728 2671 Aymari
1769 2605 1830 2654 de
1873 2607 2078 2673 Layron
2122 2607 2310 2672 militis,
2327 2608 2356 2673 ¹)

182 2676 474 2727 dominium
501 2677 766 2727 vinearum
797 2691 932 2727 extra
960 2691 1160 2744 portam
1190 2678 1238 2730 S.
1267 2679 1459 2742 Pauli2)
1487 2680 1714 2743 sitarum,
1754 2693 1913 2730 totam
1941 2682 2183 2732 arabilem
2211 2700 2358 2732 suam

180 2764 362 2801 terram
379 2751 609 2815 ejusdem
626 2753 727 2802 loci
745 2754 841 2801 sub
861 2753 1156 2802 conditione
1168 2753 1447 2820 Hospitalis
1465 2753 1701 2803 fratribus
1720 2755 1894 2819 donat,
1912 2769 1968 2805 ut
1987 2759 2356 2823 presbyterum,

182 2825 271 2892 qui
299 2842 392 2892 pro
419 2827 580 2877 salute
608 2827 808 2876 animae
848 2843 970 2876 suae
1009 2827 1188 2876 missas
1228 2829 1459 2892 celebret,
1498 2829 1764 2879 instituant
1803 2830 1881 2892 (D.
1909 2830 2043 2880 Cart.
2073 2832 2128 2895 ΙΙ,
2157 2849 2203 2898 p.
2232 2849 2357 2897 495,

182 2899 281 2950 No.
316 2917 482 2965 2129;
515 2901 706 2951 Invent.
739 2918 783 2967 p.
816 2903 900 2965 84,
931 2902 1027 2950 No.
1060 2901 1198 2966 245).
2187 2906 2358 2954 10658

334 2970 364 3028 ¹)
388 2971 459 3015 De
483 2969 688 3029 quibus
677 2985 772 3029 jam
795 2985 935 3028 supra
961 2971 1068 3021 (No.
1091 2970 1221 3030 9383)
1247 2971 1608 3030 disputavimus.
1817 2974 1850 3030 2)
1875 2975 2051 3031 Aperte
2074 2975 2357 3020 Antiochiae

182 3027 336 3074 sitam.

257 3104 627 3171 (c.1235).-
655 3108 876 3159 Garinus
905 3108 959 3171 II,
1000 3108 1277 3175 Hospitalis
1317 3110 1569 3175 magister,
1611 3111 1852 3175 Radulfo,
1897 3113 2031 3178 epis
2021 3129 2141 3179 opo
2185 3113 2355 3163 Cices-

181 3180 352 3245 trensi,
381 3182 717 3232 miserabilem
737 3196 922 3232 statum
941 3183 1130 3232 Terrae
1147 3182 1356 3233 Sanctae
1385 3186 1594 3251 exponit
1625 3186 1702 3247 (D.
1721 3184 1854 3235 Cnt
1874 3186 1936 3235 IV
1945 3204 2026 3253 ,.p
2052 3204 2151 3241 277
2158 3216 2222 3221 —
2237 3190 2356 3251 2‚78

184 3255 282 3305 N0
322 3228 2357 3319 ι9823311069»

264 3342 412 3392 1236
440 3346 601 3413 Aprili
634 3362 715 3397 20.
744 3347 902 3397 Reati.
932 3373 999 3381 w·
1030 3344 1311 3412 Gregorius
1339 3346 1405 3398 IX
1444 3349 1667 3415 Tyrensi
1712 3350 2116 3416 archiepiscopo,
2134 3350 2162 3413 ¹)
2204 3351 2354 3401 Sido-

184 3417 349 3467 niensi
377 3431 425 3468 et
454 3421 712 3486 Berytensi
743 3420 1042 3486 episcopis2)
1070 3422 1291 3484 mandat,
1333 3436 1388 3472 ut
1417 3424 1694 3489 Hospitalis
1722 3438 1769 3473 et
1796 3425 2002 3491 Templi
2034 3425 2207 3474 fratres
2237 3442 2355 3474 cum

184 3492 463 3542 Assassinis
480 3507 655 3544 contra
675 3494 1136 3545 ssohemundumV
1139 3496 1197 3559 ,3)
1217 3498 1498 3564 principem
1512 3498 1752 3548 Antiochi
1758 3515 1832 3556 ae,
1854 3516 1942 3548 eos
1961 3500 2354 3565 impugnantem

185 3565 405 3616 foedus
393 3567 521 3617 inire
550 3581 679 3618 vetet
707 3570 789 3632 (D.
821 3569 955 3618 Cart.
985 3569 1039 3632 ΙΙ,
1067 3588 1114 3636 p
1149 3573 1453 3647 595-506,
1484 3572 1581 3622 No,
1614 3574 1787 3658 2149).
2186 3573 2355 3622 10713

339 3636 368 3693 ¹)
391 3636 616 3693 Hugoni?
780 3639 811 3694 ¹¹)
838 3639 1058 3694 Quorum
1083 3639 1277 3685 nomina
1302 3642 1554 3686 nescimus.
1724 3644 1758 3697 ³)
1784 3642 1875 3697 Qui
1901 3644 1959 3686 al
1986 3642 2188 3687 llonori
2190 3658 2204 3683 i
2231 3644 2282 3686 ΙΙΙ
2309 3654 2355 3688 et

186 3694 415 3752 Gregorio
439 3696 501 3741 IX
526 3698 969 3743 excommunicatus
994 3697 1146 3743 fuerat
1178 3709 1376 3758 propter
1397 3700 1552 3746 varios
1578 3715 1798 3745 excessus
1822 3703 1935 3758 (iffi.
1963 3717 2003 3759 p.
2028 3717 2130 3760 74¹
2171 3703 2279 3746 Not.
2316 3717 2355 3753 ις

252 3752 306 3798 82

185 3768 229 3812 p
311 3754 370 3897 9,),
440 3833 590 3896 Majo.
620 3838 813 3885 Accon.
843 3863 912 3871 -—-
940 3835 1128 3887 Charta
1157 3838 1205 3888 H
1234 3838 1469 3904 (ugonis),
1508 3840 1875 3906 archiepiscopi
1907 3841 2172 3902 Nmareni,
2212 3841 2263 3889 in
2295 3842 2354 3890 D.

185 3905 319 3957 Cart.
346 3906 399 3970 ΙΙ,
426 3922 474 3973 p.
509 3924 625 3973 501,
653 3910 751 3960 No,
784 3925 941 3975 2142.
2210 3914 2354 3963 1072

275 3990 544 4035 Rolirieht,
571 3993 741 4036 Regesta.
2062 4014 2083 4055 5
