<?xml version="1.0" encoding="UTF-8"?>
<!DOCTYPE html PUBLIC "-//W3C//DTD XHTML 1.0 Transitional//EN"
    "http://www.w3.org/TR/xhtml1/DTD/xhtml1-transitional.dtd">
<html xmlns="http://www.w3.org/1999/xhtml" xml:lang="en" lang="en">
 <head>
  <title>
</title>
<meta http-equiv="Content-Type" content="text/html;charset=utf-8" />
  <meta name='ocr-system' content='tesseract 3.04.00' />
  <meta name='ocr-capabilities' content='ocr_page ocr_carea ocr_par ocr_line ocrx_word'/>
</head>
<body>
  <div class='ocr_page' id='page_1' title='image "./registaregnihier00rhuoft_0235.png"; bbox 0 0 2684 4244; ppageno 0'>
   <div class='ocr_carea' id='block_1_1' title="bbox 935 167 2313 237">
    <p class='ocr_par' dir='ltr' id='par_1_1' title="bbox 935 167 2313 237">
     <span class='ocr_line' id='line_1_1' title="bbox 935 167 2313 237; baseline 0.007 -18"><span class='ocrx_word' id='word_1_1' title='bbox 935 169 1067 234; x_wconf 83' lang='lat' dir='ltr'>regni</span> <span class='ocrx_word' id='word_1_2' title='bbox 1089 167 1527 234; x_wconf 88' lang='lat' dir='ltr'>Hierosolymitani.</span> <span class='ocrx_word' id='word_1_3' title='bbox 2211 194 2236 232; x_wconf 80' lang='lat'>2</span> <span class='ocrx_word' id='word_1_4' title='bbox 2248 194 2313 237; x_wconf 75' lang='lat'>2¹7</span> 
     </span>
    </p>
   </div>
   <div class='ocr_carea' id='block_1_2' title="bbox 138 248 402 258">
    <p class='ocr_par' dir='ltr' id='par_1_2' title="bbox 138 248 402 258">
     <span class='ocr_line' id='line_1_2' title="bbox 138 248 402 258; baseline 0 3986"><span class='ocrx_word' id='word_1_5' title='bbox 138 248 402 258; x_wconf 95' lang='lat' dir='ltr'> </span> 
     </span>
    </p>
   </div>
   <div class='ocr_carea' id='block_1_3' title="bbox 138 372 2317 517">
    <p class='ocr_par' dir='ltr' id='par_1_3' title="bbox 138 372 2317 517">
     <span class='ocr_line' id='line_1_3' title="bbox 140 372 2312 441; baseline 0.001 -18"><span class='ocrx_word' id='word_1_6' title='bbox 140 372 353 439; x_wconf 88' lang='lat' dir='ltr'>Spinola</span> <span class='ocrx_word' id='word_1_7' title='bbox 383 386 429 422; x_wconf 89' lang='lat' dir='ltr'>et</span> <span class='ocrx_word' id='word_1_8' title='bbox 458 375 692 423; x_wconf 88' lang='lat' dir='ltr'>Corrado</span> <span class='ocrx_word' id='word_1_9' title='bbox 722 375 784 423; x_wconf 91' lang='lat' dir='ltr'>de</span> <span class='ocrx_word' id='word_1_10' title='bbox 816 374 943 423; x_wconf 89' lang='lat' dir='ltr'>Mari</span> <span class='ocrx_word' id='word_1_11' title='bbox 974 374 1186 423; x_wconf 89' lang='lat' dir='ltr'>testibus</span> <span class='ocrx_word' id='word_1_12' title='bbox 1228 374 1453 423; x_wconf 88' lang='lat' dir='ltr'>chartam</span> <span class='ocrx_word' id='word_1_13' title='bbox 1495 374 1664 440; x_wconf 89' lang='lat' dir='ltr'>(supra</span> <span class='ocrx_word' id='word_1_14' title='bbox 1692 377 1791 425; x_wconf 91' lang='lat' dir='ltr'>No.</span> <span class='ocrx_word' id='word_1_15' title='bbox 1826 376 1947 441; x_wconf 95' lang='grc'>848)</span> <span class='ocrx_word' id='word_1_16' title='bbox 1978 390 2312 426; x_wconf 81' lang='lat' dir='ltr'>memoratam</span> 
     </span>
     <span class='ocr_line' id='line_1_4' title="bbox 138 446 2317 517; baseline 0.002 -22"><span class='ocrx_word' id='word_1_17' title='bbox 138 446 463 497; x_wconf 90' lang='lat' dir='ltr'>confirmant.</span> <span class='ocrx_word' id='word_1_18' title='bbox 494 477 566 482; x_wconf 93' lang='lat'>—</span> <span class='ocrx_word' id='word_1_19' title='bbox 594 448 886 514; x_wconf 82' lang='lat' dir='ltr'>Stephanus</span> <span class='ocrx_word' id='word_1_20' title='bbox 916 449 977 497; x_wconf 95' lang='lat' dir='ltr'>de</span> <span class='ocrx_word' id='word_1_21' title='bbox 999 448 1257 513; x_wconf 89' lang='lat' dir='ltr'>Valencia,</span> <span class='ocrx_word' id='word_1_22' title='bbox 1290 448 1518 497; x_wconf 89' lang='lat' dir='ltr'>notarius</span> <span class='ocrx_word' id='word_1_23' title='bbox 1546 450 1817 499; x_wconf 89' lang='lat' dir='ltr'>Januensis</span> <span class='ocrx_word' id='word_1_24' title='bbox 1846 450 1898 499; x_wconf 92' lang='lat' dir='ltr'>in</span> <span class='ocrx_word' id='word_1_25' title='bbox 1929 450 2089 516; x_wconf 91' lang='lat' dir='ltr'>Syria,</span> <span class='ocrx_word' id='word_1_26' title='bbox 2120 452 2317 517; x_wconf 91' lang='lat' dir='ltr'>scripsit</span> 
     </span>
    </p>
   </div>
   <div class='ocr_carea' id='block_1_4' title="bbox 137 520 2316 588">
    <p class='ocr_par' dir='ltr' id='par_1_4' title="bbox 137 520 2316 588">
     <span class='ocr_line' id='line_1_5' title="bbox 137 520 2316 588; baseline 0.001 -18"><span class='ocrx_word' id='word_1_27' title='bbox 137 520 403 583; x_wconf 89' lang='lat' dir='ltr'>(Strehlke,</span> <span class='ocrx_word' id='word_1_28' title='bbox 435 538 482 587; x_wconf 87' lang='lat' dir='ltr'>p.</span> <span class='ocrx_word' id='word_1_29' title='bbox 518 539 600 587; x_wconf 81' lang='lat'>37,</span> <span class='ocrx_word' id='word_1_30' title='bbox 632 524 731 572; x_wconf 92' lang='lat' dir='ltr'>No.</span> <span class='ocrx_word' id='word_1_31' title='bbox 761 523 866 588; x_wconf 86' lang='grc'>45).</span> <span class='ocrx_word' id='word_1_32' title='bbox 2200 523 2316 573; x_wconf 85' lang='grc'>849</span> 
     </span>
    </p>
   </div>
   <div class='ocr_carea' id='block_1_5' title="bbox 135 630 2316 998">
    <p class='ocr_par' dir='ltr' id='par_1_5' title="bbox 135 630 2316 998">
     <span class='ocr_line' id='line_1_6' title="bbox 219 630 2316 702; baseline 0.002 -22"><span class='ocrx_word' id='word_1_33' title='bbox 219 630 360 681; x_wconf 87' lang='grc'>1211</span> <span class='ocrx_word' id='word_1_34' title='bbox 396 632 573 695; x_wconf 84' lang='lat'>(1212)</span> <span class='ocrx_word' id='word_1_35' title='bbox 595 634 760 696; x_wconf 86' lang='lat' dir='ltr'>Febr.,</span> <span class='ocrx_word' id='word_1_36' title='bbox 794 634 898 683; x_wconf 90' lang='lat' dir='ltr'>ind.</span> <span class='ocrx_word' id='word_1_37' title='bbox 919 634 1028 683; x_wconf 86' lang='lat' dir='ltr'>XV.</span> <span class='ocrx_word' id='word_1_38' title='bbox 1059 637 1256 683; x_wconf 87' lang='lat' dir='ltr'>Accon.</span> <span class='ocrx_word' id='word_1_39' title='bbox 1285 663 1342 667; x_wconf 91' lang='lat'>—</span> <span class='ocrx_word' id='word_1_40' title='bbox 1367 634 1690 699; x_wconf 79' lang='lat' dir='ltr'>LaurentiuS,</span> <span class='ocrx_word' id='word_1_41' title='bbox 1711 638 1970 702; x_wconf 83' lang='lat' dir='ltr'>presbyter</span> <span class='ocrx_word' id='word_1_42' title='bbox 1993 650 2040 685; x_wconf 90' lang='lat' dir='ltr'>et</span> <span class='ocrx_word' id='word_1_43' title='bbox 2066 637 2316 702; x_wconf 90' lang='lat' dir='ltr'>plebanus</span> 
     </span>
     <span class='ocr_line' id='line_1_7' title="bbox 137 707 2316 777; baseline 0.002 -21"><span class='ocrx_word' id='word_1_44' title='bbox 137 707 186 756; x_wconf 90' lang='lat' dir='ltr'>S.</span> <span class='ocrx_word' id='word_1_45' title='bbox 206 707 361 756; x_wconf 89' lang='lat' dir='ltr'>Marci</span> <span class='ocrx_word' id='word_1_46' title='bbox 391 708 726 773; x_wconf 88' lang='lat' dir='ltr'>Acconensis,</span> <span class='ocrx_word' id='word_1_47' title='bbox 759 709 950 771; x_wconf 80' lang='lat' dir='ltr'>Marco,</span> <span class='ocrx_word' id='word_1_48' title='bbox 982 708 1226 774; x_wconf 90' lang='lat' dir='ltr'>episcopo</span> <span class='ocrx_word' id='word_1_49' title='bbox 1256 708 1565 772; x_wconf 88' lang='lat' dir='ltr'>CastellanO,</span> <span class='ocrx_word' id='word_1_50' title='bbox 1597 721 1644 757; x_wconf 92' lang='lat' dir='ltr'>et</span> <span class='ocrx_word' id='word_1_51' title='bbox 1674 708 1782 773; x_wconf 89' lang='lat' dir='ltr'>ejus</span> <span class='ocrx_word' id='word_1_52' title='bbox 1811 712 2192 760; x_wconf 89' lang='lat' dir='ltr'>successoribus</span> <span class='ocrx_word' id='word_1_53' title='bbox 2222 728 2316 777; x_wconf 91' lang='lat' dir='ltr'>pro</span> 
     </span>
     <span class='ocr_line' id='line_1_8' title="bbox 136 781 2311 850; baseline 0.002 -20"><span class='ocrx_word' id='word_1_54' title='bbox 136 781 344 830; x_wconf 89' lang='lat' dir='ltr'>ecclesia</span> <span class='ocrx_word' id='word_1_55' title='bbox 385 781 434 831; x_wconf 89' lang='lat' dir='ltr'>S.</span> <span class='ocrx_word' id='word_1_56' title='bbox 467 781 625 831; x_wconf 86' lang='lat' dir='ltr'>Marci</span> <span class='ocrx_word' id='word_1_57' title='bbox 666 783 727 831; x_wconf 92' lang='lat' dir='ltr'>de</span> <span class='ocrx_word' id='word_1_58' title='bbox 769 783 957 831; x_wconf 85' lang='lat' dir='ltr'>Baruto</span> <span class='ocrx_word' id='word_1_59' title='bbox 998 798 1211 831; x_wconf 88' lang='lat' dir='ltr'>censum</span> <span class='ocrx_word' id='word_1_60' title='bbox 1251 783 1526 832; x_wconf 83' lang='lat' dir='ltr'>annualem</span> <span class='ocrx_word' id='word_1_61' title='bbox 1570 783 1833 849; x_wconf 87' lang='lat' dir='ltr'>promittit.</span> <span class='ocrx_word' id='word_1_62' title='bbox 1875 813 1946 817; x_wconf 88' lang='lat'>-—</span> <span class='ocrx_word' id='word_1_63' title='bbox 1987 785 2311 850; x_wconf 80' lang='lat' dir='ltr'>Laurentius,</span> 
     </span>
     <span class='ocr_line' id='line_1_9' title="bbox 137 856 2312 924; baseline 0.002 -21"><span class='ocrx_word' id='word_1_64' title='bbox 137 856 401 922; x_wconf 88' lang='lat' dir='ltr'>presbyter</span> <span class='ocrx_word' id='word_1_65' title='bbox 428 870 474 905; x_wconf 91' lang='lat' dir='ltr'>et</span> <span class='ocrx_word' id='word_1_66' title='bbox 504 856 771 922; x_wconf 86' lang='lat' dir='ltr'>plebanus,</span> <span class='ocrx_word' id='word_1_67' title='bbox 802 856 1071 921; x_wconf 86' lang='lat' dir='ltr'>Philippus</span> <span class='ocrx_word' id='word_1_68' title='bbox 1100 857 1274 920; x_wconf 91' lang='lat' dir='ltr'>Tinto,</span> <span class='ocrx_word' id='word_1_69' title='bbox 1305 857 1606 906; x_wconf 89' lang='lat' dir='ltr'>Leonardus</span> <span class='ocrx_word' id='word_1_70' title='bbox 1636 858 1818 907; x_wconf 89' lang='lat' dir='ltr'>Grin0.</span> <span class='ocrx_word' id='word_1_71' title='bbox 1878 858 2123 908; x_wconf 91' lang='lat' dir='ltr'>Nicolaus</span> <span class='ocrx_word' id='word_1_72' title='bbox 2152 860 2312 924; x_wconf 88' lang='lat' dir='ltr'>Justo,</span> 
     </span>
     <span class='ocr_line' id='line_1_10' title="bbox 135 930 2313 998; baseline 0.002 -20"><span class='ocrx_word' id='word_1_73' title='bbox 135 931 400 996; x_wconf 89' lang='lat' dir='ltr'>presbyter</span> <span class='ocrx_word' id='word_1_74' title='bbox 418 930 467 980; x_wconf 89' lang='lat' dir='ltr'>S.</span> <span class='ocrx_word' id='word_1_75' title='bbox 486 930 684 980; x_wconf 87' lang='lat' dir='ltr'>Nicolai</span> <span class='ocrx_word' id='word_1_76' title='bbox 705 943 751 979; x_wconf 91' lang='lat' dir='ltr'>et</span> <span class='ocrx_word' id='word_1_77' title='bbox 770 931 999 979; x_wconf 89' lang='lat' dir='ltr'>notarius</span> <span class='ocrx_word' id='word_1_78' title='bbox 1028 931 1306 996; x_wconf 90' lang='lat' dir='ltr'>complevit</span> <span class='ocrx_word' id='word_1_79' title='bbox 1334 943 1382 980; x_wconf 93' lang='lat' dir='ltr'>et</span> <span class='ocrx_word' id='word_1_80' title='bbox 1411 933 1759 981; x_wconf 89' lang='lat' dir='ltr'>corroboravit</span> <span class='ocrx_word' id='word_1_81' title='bbox 1785 932 2095 998; x_wconf 86' lang='lat' dir='ltr'>(Cornelius,</span> <span class='ocrx_word' id='word_1_82' title='bbox 2122 934 2313 983; x_wconf 80' lang='lat' dir='ltr'>EccleS.</span> 
     </span>
    </p>
   </div>
   <div class='ocr_carea' id='block_1_6' title="bbox 137 1004 2316 1071">
    <p class='ocr_par' dir='ltr' id='par_1_6' title="bbox 137 1004 2316 1071">
     <span class='ocr_line' id='line_1_11' title="bbox 137 1004 2316 1071; baseline 0 -17"><span class='ocrx_word' id='word_1_83' title='bbox 137 1004 314 1054; x_wconf 89' lang='lat' dir='ltr'>Venet.</span> <span class='ocrx_word' id='word_1_84' title='bbox 345 1004 474 1071; x_wconf 82' lang='lat' dir='ltr'>XIII,</span> <span class='ocrx_word' id='word_1_85' title='bbox 504 1021 552 1071; x_wconf 93' lang='lat' dir='ltr'>p.</span> <span class='ocrx_word' id='word_1_86' title='bbox 591 1020 721 1069; x_wconf 80' lang='lat'><strong>2243</strong></span> <span class='ocrx_word' id='word_1_87' title='bbox 765 1004 1174 1054; x_wconf 87' lang='lat' dir='ltr'>Tafel—Thomas</span> <span class='ocrx_word' id='word_1_88' title='bbox 1204 1005 1259 1069; x_wconf 84' lang='lat' dir='ltr'>II,</span> <span class='ocrx_word' id='word_1_89' title='bbox 1291 1022 1339 1071; x_wconf 92' lang='lat' dir='ltr'>p.</span> <span class='ocrx_word' id='word_1_90' title='bbox 1381 1007 1495 1069; x_wconf 82' lang='lat'>126,</span> <span class='ocrx_word' id='word_1_91' title='bbox 1527 1007 1626 1056; x_wconf 91' lang='lat' dir='ltr'>No.</span> <span class='ocrx_word' id='word_1_92' title='bbox 1662 1007 1799 1070; x_wconf 87' lang='lat'>227).</span> <span class='ocrx_word' id='word_1_93' title='bbox 2200 1006 2316 1055; x_wconf 89' lang='grc'>850</span> 
     </span>
    </p>
   </div>
   <div class='ocr_carea' id='block_1_7' title="bbox 128 1106 2315 3404">
    <p class='ocr_par' dir='ltr' id='par_1_7' title="bbox 128 1106 2315 3404">
     <span class='ocr_line' id='line_1_12' title="bbox 271 1106 2314 1175; baseline 0.001 -18"><span class='ocrx_word' id='word_1_94' title='bbox 271 1145 301 1170; x_wconf 87' lang='grc'>,,</span> <span class='ocrx_word' id='word_1_95' title='bbox 381 1106 500 1171; x_wconf 82' lang='lat' dir='ltr'>Maj.</span> <span class='ocrx_word' id='word_1_96' title='bbox 542 1126 597 1162; x_wconf 89' lang='lat'>17</span> <span class='ocrx_word' id='word_1_97' title='bbox 630 1108 750 1171; x_wconf 84' lang='lat'>(18).</span> <span class='ocrx_word' id='word_1_98' title='bbox 806 1108 1056 1158; x_wconf 84' lang='lat' dir='ltr'>Laterani.</span> <span class='ocrx_word' id='word_1_99' title='bbox 1098 1137 1170 1142; x_wconf 90' lang='lat'>-—</span> <span class='ocrx_word' id='word_1_100' title='bbox 1214 1109 1547 1157; x_wconf 88' lang='lat' dir='ltr'>Innocentius</span> <span class='ocrx_word' id='word_1_101' title='bbox 1588 1108 1649 1157; x_wconf 94' lang='grc' dir='ltr'>ΙΙΙ</span> <span class='ocrx_word' id='word_1_102' title='bbox 1694 1108 1958 1173; x_wconf 88' lang='lat' dir='ltr'>(Alberto),</span> <span class='ocrx_word' id='word_1_103' title='bbox 2005 1110 2314 1175; x_wconf 86' lang='lat' dir='ltr'>patriarchae</span> 
     </span>
     <span class='ocr_line' id='line_1_13' title="bbox 136 1182 2315 1249; baseline 0.002 -19"><span class='ocrx_word' id='word_1_104' title='bbox 136 1182 616 1248; x_wconf 89' lang='lat' dir='ltr'>Hierosolymitano</span> <span class='ocrx_word' id='word_1_105' title='bbox 646 1182 694 1231; x_wconf 90' lang='lat' dir='ltr'>S.</span> <span class='ocrx_word' id='word_1_106' title='bbox 716 1186 778 1231; x_wconf 93' lang='lat' dir='ltr'>A.</span> <span class='ocrx_word' id='word_1_107' title='bbox 798 1183 983 1246; x_wconf 85' lang='lat' dir='ltr'>legato,</span> <span class='ocrx_word' id='word_1_108' title='bbox 1008 1184 1090 1232; x_wconf 91' lang='lat' dir='ltr'>cui</span> <span class='ocrx_word' id='word_1_109' title='bbox 1119 1182 1217 1247; x_wconf 89' lang='lat' dir='ltr'>jam</span> <span class='ocrx_word' id='word_1_110' title='bbox 1248 1183 1447 1248; x_wconf 87' lang='lat' dir='ltr'>pridem</span> <span class='ocrx_word' id='word_1_111' title='bbox 1476 1184 1818 1247; x_wconf 88' lang='lat' dir='ltr'>mandaverat,</span> <span class='ocrx_word' id='word_1_112' title='bbox 1848 1198 1902 1233; x_wconf 89' lang='lat' dir='ltr'>ut</span> <span class='ocrx_word' id='word_1_113' title='bbox 1931 1200 2154 1247; x_wconf 86' lang='lat' dir='ltr'>causam,</span> <span class='ocrx_word' id='word_1_114' title='bbox 2185 1201 2315 1249; x_wconf 91' lang='lat' dir='ltr'>quae</span> 
     </span>
     <span class='ocr_line' id='line_1_14' title="bbox 136 1256 2313 1323; baseline 0.001 -19"><span class='ocrx_word' id='word_1_115' title='bbox 136 1256 266 1305; x_wconf 91' lang='lat' dir='ltr'>inter</span> <span class='ocrx_word' id='word_1_116' title='bbox 281 1256 565 1320; x_wconf 86' lang='lat' dir='ltr'>(Leonem),</span> <span class='ocrx_word' id='word_1_117' title='bbox 586 1273 757 1320; x_wconf 84' lang='lat' dir='ltr'>regem</span> <span class='ocrx_word' id='word_1_118' title='bbox 778 1258 1071 1322; x_wconf 74' lang='lat' dir='ltr'>Armeniae,</span> <span class='ocrx_word' id='word_1_119' title='bbox 1103 1270 1149 1306; x_wconf 95' lang='lat' dir='ltr'>et</span> <span class='ocrx_word' id='word_1_120' title='bbox 1179 1257 1351 1306; x_wconf 87' lang='lat' dir='ltr'>fratres</span> <span class='ocrx_word' id='word_1_121' title='bbox 1368 1258 1578 1323; x_wconf 90' lang='lat' dir='ltr'>Templi</span> <span class='ocrx_word' id='word_1_122' title='bbox 1607 1258 1669 1306; x_wconf 91' lang='lat' dir='ltr'>de</span> <span class='ocrx_word' id='word_1_123' title='bbox 1699 1270 1862 1306; x_wconf 91' lang='lat' dir='ltr'>castro</span> <span class='ocrx_word' id='word_1_124' title='bbox 1882 1258 2123 1308; x_wconf 89' lang='lat' dir='ltr'>Gastonis</span> <span class='ocrx_word' id='word_1_125' title='bbox 2153 1273 2313 1308; x_wconf 90' lang='lat' dir='ltr'>verte—</span> 
     </span>
     <span class='ocr_line' id='line_1_15' title="bbox 133 1330 2311 1395; baseline 0.001 -16"><span class='ocrx_word' id='word_1_126' title='bbox 133 1331 296 1394; x_wconf 80' lang='lat' dir='ltr'>batur,</span> <span class='ocrx_word' id='word_1_127' title='bbox 339 1330 614 1379; x_wconf 89' lang='lat' dir='ltr'>concordia</span> <span class='ocrx_word' id='word_1_128' title='bbox 644 1331 720 1380; x_wconf 94' lang='lat' dir='ltr'>vel</span> <span class='ocrx_word' id='word_1_129' title='bbox 750 1330 942 1394; x_wconf 89' lang='lat' dir='ltr'>judicio</span> <span class='ocrx_word' id='word_1_130' title='bbox 983 1332 1294 1395; x_wconf 88' lang='lat' dir='ltr'>terminaret,</span> <span class='ocrx_word' id='word_1_131' title='bbox 1337 1332 1518 1380; x_wconf 88' lang='lat' dir='ltr'>eadem</span> <span class='ocrx_word' id='word_1_132' title='bbox 1547 1333 1608 1381; x_wconf 94' lang='lat' dir='ltr'>de</span> <span class='ocrx_word' id='word_1_133' title='bbox 1639 1349 1690 1381; x_wconf 90' lang='lat' dir='ltr'>re</span> <span class='ocrx_word' id='word_1_134' title='bbox 1721 1349 1862 1381; x_wconf 91' lang='lat' dir='ltr'>nunc</span> <span class='ocrx_word' id='word_1_135' title='bbox 1899 1332 2085 1382; x_wconf 89' lang='lat' dir='ltr'>iterum</span> <span class='ocrx_word' id='word_1_136' title='bbox 2126 1333 2311 1382; x_wconf 89' lang='lat' dir='ltr'>scribit.</span> 
     </span>
     <span class='ocr_line' id='line_1_16' title="bbox 134 1403 2314 1473; baseline 0 -19"><span class='ocrx_word' id='word_1_137' title='bbox 134 1403 317 1465; x_wconf 90' lang='lat' dir='ltr'>Quum</span> <span class='ocrx_word' id='word_1_138' title='bbox 338 1405 476 1454; x_wconf 89' lang='lat' dir='ltr'>enim</span> <span class='ocrx_word' id='word_1_139' title='bbox 497 1404 670 1454; x_wconf 89' lang='lat' dir='ltr'>fratres</span> <span class='ocrx_word' id='word_1_140' title='bbox 688 1405 913 1471; x_wconf 88' lang='lat' dir='ltr'>Templi,</span> <span class='ocrx_word' id='word_1_141' title='bbox 934 1423 1004 1470; x_wconf 91' lang='lat' dir='ltr'>se,</span> <span class='ocrx_word' id='word_1_142' title='bbox 1025 1405 1154 1455; x_wconf 89' lang='lat' dir='ltr'>sicut</span> <span class='ocrx_word' id='word_1_143' title='bbox 1182 1406 1252 1454; x_wconf 91' lang='lat' dir='ltr'>eis</span> <span class='ocrx_word' id='word_1_144' title='bbox 1282 1405 1576 1470; x_wconf 90' lang='lat' dir='ltr'>injunctum</span> <span class='ocrx_word' id='word_1_145' title='bbox 1595 1419 1713 1470; x_wconf 90' lang='lat' dir='ltr'>erat,</span> <span class='ocrx_word' id='word_1_146' title='bbox 1735 1407 1910 1455; x_wconf 87' lang='lat' dir='ltr'>omnia</span> <span class='ocrx_word' id='word_1_147' title='bbox 1932 1407 2093 1456; x_wconf 91' lang='lat' dir='ltr'>facere</span> <span class='ocrx_word' id='word_1_148' title='bbox 2113 1421 2314 1473; x_wconf 90' lang='lat' dir='ltr'>paratos</span> 
     </span>
     <span class='ocr_line' id='line_1_17' title="bbox 133 1478 2311 1547; baseline 0.002 -20"><span class='ocrx_word' id='word_1_149' title='bbox 133 1495 259 1542; x_wconf 90' lang='lat' dir='ltr'>esse,</span> <span class='ocrx_word' id='word_1_150' title='bbox 292 1478 699 1543; x_wconf 88' lang='lat' dir='ltr'>confirmassent,</span> <span class='ocrx_word' id='word_1_151' title='bbox 730 1496 815 1528; x_wconf 89' lang='lat' dir='ltr'>rex</span> <span class='ocrx_word' id='word_1_152' title='bbox 845 1480 1158 1544; x_wconf 85' lang='lat' dir='ltr'>quibusdam</span> <span class='ocrx_word' id='word_1_153' title='bbox 1189 1496 1370 1529; x_wconf 91' lang='lat' dir='ltr'>eorum</span> <span class='ocrx_word' id='word_1_154' title='bbox 1411 1480 1744 1546; x_wconf 86' lang='lat' dir='ltr'>petitionibus</span> <span class='ocrx_word' id='word_1_155' title='bbox 1783 1483 2096 1547; x_wconf 90' lang='lat' dir='ltr'>respondere</span> <span class='ocrx_word' id='word_1_156' title='bbox 2126 1482 2311 1546; x_wconf 88' lang='lat' dir='ltr'>noluit,</span> 
     </span>
     <span class='ocr_line' id='line_1_18' title="bbox 133 1554 2312 1622; baseline 0.001 -21"><span class='ocrx_word' id='word_1_157' title='bbox 133 1554 222 1602; x_wconf 91' lang='lat' dir='ltr'>sed</span> <span class='ocrx_word' id='word_1_158' title='bbox 252 1555 388 1602; x_wconf 87' lang='lat' dir='ltr'>bona</span> <span class='ocrx_word' id='word_1_159' title='bbox 417 1569 615 1617; x_wconf 88' lang='lat' dir='ltr'>eorum,</span> <span class='ocrx_word' id='word_1_160' title='bbox 644 1570 775 1618; x_wconf 90' lang='lat' dir='ltr'>quae</span> <span class='ocrx_word' id='word_1_161' title='bbox 805 1554 1061 1603; x_wconf 88' lang='lat' dir='ltr'>habebant</span> <span class='ocrx_word' id='word_1_162' title='bbox 1101 1555 1153 1603; x_wconf 93' lang='lat' dir='ltr'>in</span> <span class='ocrx_word' id='word_1_163' title='bbox 1194 1569 1346 1620; x_wconf 90' lang='lat' dir='ltr'>portu</span> <span class='ocrx_word' id='word_1_164' title='bbox 1390 1554 1587 1604; x_wconf 84' lang='lat' dir='ltr'>Bonelli</span> <span class='ocrx_word' id='word_1_165' title='bbox 1629 1568 1675 1604; x_wconf 93' lang='lat' dir='ltr'>et</span> <span class='ocrx_word' id='word_1_166' title='bbox 1714 1556 1823 1604; x_wconf 90' lang='lat' dir='ltr'>aliis</span> <span class='ocrx_word' id='word_1_167' title='bbox 1851 1557 2129 1605; x_wconf 88' lang='lat' dir='ltr'>Armeniae</span> <span class='ocrx_word' id='word_1_168' title='bbox 2169 1556 2312 1622; x_wconf 85' lang='lat' dir='ltr'>locis,</span> 
     </span>
     <span class='ocr_line' id='line_1_19' title="bbox 135 1627 2314 1696; baseline 0.002 -20"><span class='ocrx_word' id='word_1_169' title='bbox 135 1627 405 1693; x_wconf 89' lang='lat' dir='ltr'>occupavit</span> <span class='ocrx_word' id='word_1_170' title='bbox 448 1644 618 1694; x_wconf 90' lang='lat' dir='ltr'>neque</span> <span class='ocrx_word' id='word_1_171' title='bbox 648 1628 885 1694; x_wconf 85' lang='lat' dir='ltr'>precibus</span> <span class='ocrx_word' id='word_1_172' title='bbox 915 1628 1227 1694; x_wconf 88' lang='lat' dir='ltr'>patriarchae</span> <span class='ocrx_word' id='word_1_173' title='bbox 1257 1630 1715 1696; x_wconf 90' lang='lat' dir='ltr'>Hierosolymitani</span> <span class='ocrx_word' id='word_1_174' title='bbox 1745 1631 1969 1680; x_wconf 90' lang='lat' dir='ltr'>revocari</span> <span class='ocrx_word' id='word_1_175' title='bbox 1998 1631 2182 1696; x_wconf 85' lang='lat' dir='ltr'>potuit,</span> <span class='ocrx_word' id='word_1_176' title='bbox 2213 1647 2314 1696; x_wconf 88' lang='lat' dir='ltr'>qua</span> 
     </span>
     <span class='ocr_line' id='line_1_20' title="bbox 133 1702 2313 1755; baseline 0.001 -5"><span class='ocrx_word' id='word_1_177' title='bbox 133 1702 196 1751; x_wconf 89' lang='lat' dir='ltr'>de</span> <span class='ocrx_word' id='word_1_178' title='bbox 246 1717 397 1751; x_wconf 90' lang='lat' dir='ltr'>causa</span> <span class='ocrx_word' id='word_1_179' title='bbox 437 1704 498 1751; x_wconf 90' lang='lat' dir='ltr'>ab</span> <span class='ocrx_word' id='word_1_180' title='bbox 540 1703 725 1751; x_wconf 90' lang='lat' dir='ltr'>eodem</span> <span class='ocrx_word' id='word_1_181' title='bbox 767 1703 1318 1752; x_wconf 76' lang='lat' dir='ltr'>excommunicationis</span> <span class='ocrx_word' id='word_1_182' title='bbox 1357 1703 1568 1753; x_wconf 91' lang='lat' dir='ltr'>vinculo</span> <span class='ocrx_word' id='word_1_183' title='bbox 1608 1705 1888 1754; x_wconf 90' lang='lat' dir='ltr'>innodatus</span> <span class='ocrx_word' id='word_1_184' title='bbox 1928 1719 2001 1754; x_wconf 92' lang='lat' dir='ltr'>est</span> <span class='ocrx_word' id='word_1_185' title='bbox 2040 1719 2087 1754; x_wconf 92' lang='lat' dir='ltr'>et</span> <span class='ocrx_word' id='word_1_186' title='bbox 2127 1721 2313 1755; x_wconf 90' lang='lat' dir='ltr'>omnes</span> 
     </span>
     <span class='ocr_line' id='line_1_21' title="bbox 133 1776 2312 1842; baseline 0.002 -17"><span class='ocrx_word' id='word_1_187' title='bbox 133 1789 308 1825; x_wconf 90' lang='lat' dir='ltr'>contra</span> <span class='ocrx_word' id='word_1_188' title='bbox 338 1776 509 1826; x_wconf 89' lang='lat' dir='ltr'>fratres</span> <span class='ocrx_word' id='word_1_189' title='bbox 535 1776 743 1842; x_wconf 92' lang='lat' dir='ltr'>Templi</span> <span class='ocrx_word' id='word_1_190' title='bbox 774 1794 946 1841; x_wconf 82' lang='lat' dir='ltr'>regem</span> <span class='ocrx_word' id='word_1_191' title='bbox 978 1777 1202 1841; x_wconf 89' lang='lat' dir='ltr'>adjuturi</span> <span class='ocrx_word' id='word_1_192' title='bbox 1232 1779 1450 1827; x_wconf 91' lang='lat' dir='ltr'>eandem</span> <span class='ocrx_word' id='word_1_193' title='bbox 1480 1780 1786 1828; x_wconf 87' lang='lat' dir='ltr'>sententiam</span> <span class='ocrx_word' id='word_1_194' title='bbox 1816 1780 2072 1830; x_wconf 87' lang='lat' dir='ltr'>incursuri</span> <span class='ocrx_word' id='word_1_195' title='bbox 2103 1781 2312 1829; x_wconf 86' lang='lat' dir='ltr'>denun—</span> 
     </span>
     <span class='ocr_line' id='line_1_22' title="bbox 132 1849 2312 1919; baseline 0.002 -20"><span class='ocrx_word' id='word_1_196' title='bbox 132 1849 237 1899; x_wconf 91' lang='lat' dir='ltr'>tiati</span> <span class='ocrx_word' id='word_1_197' title='bbox 265 1863 401 1900; x_wconf 87' lang='lat' dir='ltr'>sunt.</span> <span class='ocrx_word' id='word_1_198' title='bbox 455 1851 812 1901; x_wconf 90' lang='lat' dir='ltr'>Nihilominus</span> <span class='ocrx_word' id='word_1_199' title='bbox 841 1852 973 1915; x_wconf 83' lang='lat' dir='ltr'>regis</span> <span class='ocrx_word' id='word_1_200' title='bbox 1003 1851 1072 1900; x_wconf 89' lang='lat' dir='ltr'>ira</span> <span class='ocrx_word' id='word_1_201' title='bbox 1102 1865 1277 1901; x_wconf 89' lang='lat' dir='ltr'>contra</span> <span class='ocrx_word' id='word_1_202' title='bbox 1307 1853 1469 1901; x_wconf 91' lang='lat' dir='ltr'>dictos</span> <span class='ocrx_word' id='word_1_203' title='bbox 1500 1853 1674 1903; x_wconf 87' lang='lat' dir='ltr'>fratres</span> <span class='ocrx_word' id='word_1_204' title='bbox 1704 1855 1864 1919; x_wconf 84' lang='lat' dir='ltr'>magis</span> <span class='ocrx_word' id='word_1_205' title='bbox 1894 1855 2150 1919; x_wconf 89' lang='lat' dir='ltr'>desaeviit,</span> <span class='ocrx_word' id='word_1_206' title='bbox 2193 1871 2312 1903; x_wconf 90' lang='lat' dir='ltr'>nam</span> 
     </span>
     <span class='ocr_line' id='line_1_23' title="bbox 132 1926 2312 1996; baseline 0.003 -24"><span class='ocrx_word' id='word_1_207' title='bbox 132 1940 316 1974; x_wconf 88' lang='lat' dir='ltr'>omnes</span> <span class='ocrx_word' id='word_1_208' title='bbox 344 1926 713 1991; x_wconf 89' lang='lat' dir='ltr'>possessiones,</span> <span class='ocrx_word' id='word_1_209' title='bbox 745 1942 873 1991; x_wconf 89' lang='lat' dir='ltr'>quas</span> <span class='ocrx_word' id='word_1_210' title='bbox 903 1927 1157 1975; x_wconf 88' lang='lat' dir='ltr'>habebant</span> <span class='ocrx_word' id='word_1_211' title='bbox 1186 1927 1238 1975; x_wconf 94' lang='lat' dir='ltr'>in</span> <span class='ocrx_word' id='word_1_212' title='bbox 1269 1944 1430 1991; x_wconf 85' lang='lat' dir='ltr'>regno</span> <span class='ocrx_word' id='word_1_213' title='bbox 1460 1945 1573 1994; x_wconf 88' lang='lat' dir='ltr'>suo,</span> <span class='ocrx_word' id='word_1_214' title='bbox 1615 1928 1686 1976; x_wconf 92' lang='lat' dir='ltr'>eis</span> <span class='ocrx_word' id='word_1_215' title='bbox 1725 1929 1930 1978; x_wconf 88' lang='lat' dir='ltr'>abstulit</span> <span class='ocrx_word' id='word_1_216' title='bbox 1959 1943 2156 1996; x_wconf 89' lang='lat' dir='ltr'>praeter</span> <span class='ocrx_word' id='word_1_217' title='bbox 2185 1931 2312 1979; x_wconf 90' lang='lat' dir='ltr'>duas</span> 
     </span>
     <span class='ocr_line' id='line_1_24' title="bbox 133 1999 2310 2067; baseline 0.002 -19"><span class='ocrx_word' id='word_1_218' title='bbox 133 1999 452 2049; x_wconf 90' lang='lat' dir='ltr'>munitiones</span> <span class='ocrx_word' id='word_1_219' title='bbox 481 1999 926 2066; x_wconf 81' lang='lat' dir='ltr'>inexpugnabileS,</span> <span class='ocrx_word' id='word_1_220' title='bbox 958 2014 1004 2049; x_wconf 93' lang='lat' dir='ltr'>et</span> <span class='ocrx_word' id='word_1_221' title='bbox 1032 2017 1152 2050; x_wconf 93' lang='lat' dir='ltr'>cum</span> <span class='ocrx_word' id='word_1_222' title='bbox 1172 2002 1233 2050; x_wconf 92' lang='lat' dir='ltr'>ad</span> <span class='ocrx_word' id='word_1_223' title='bbox 1253 2014 1420 2067; x_wconf 89' lang='lat' dir='ltr'>partes</span> <span class='ocrx_word' id='word_1_224' title='bbox 1439 2003 1790 2052; x_wconf 89' lang='lat' dir='ltr'>Antiochenas</span> <span class='ocrx_word' id='word_1_225' title='bbox 1820 2005 2145 2053; x_wconf 85' lang='lat' dir='ltr'>accessissent</span> <span class='ocrx_word' id='word_1_226' title='bbox 2173 2021 2310 2053; x_wconf 90' lang='lat' dir='ltr'>arces</span> 
     </span>
     <span class='ocr_line' id='line_1_25' title="bbox 132 2074 2308 2142; baseline 0.002 -20"><span class='ocrx_word' id='word_1_227' title='bbox 132 2091 249 2123; x_wconf 87' lang='lat' dir='ltr'>suas</span> <span class='ocrx_word' id='word_1_228' title='bbox 278 2074 581 2124; x_wconf 82' lang='lat' dir='ltr'>victualibus</span> <span class='ocrx_word' id='word_1_229' title='bbox 609 2075 879 2139; x_wconf 85' lang='lat' dir='ltr'>munituri,</span> <span class='ocrx_word' id='word_1_230' title='bbox 910 2075 1040 2124; x_wconf 89' lang='lat' dir='ltr'>sicut</span> <span class='ocrx_word' id='word_1_231' title='bbox 1068 2076 1347 2141; x_wconf 88' lang='lat' dir='ltr'>patriarcha</span> <span class='ocrx_word' id='word_1_232' title='bbox 1376 2076 1483 2142; x_wconf 89' lang='lat' dir='ltr'>ipse</span> <span class='ocrx_word' id='word_1_233' title='bbox 1514 2078 1783 2142; x_wconf 90' lang='lat' dir='ltr'>nuntiavit,</span> <span class='ocrx_word' id='word_1_234' title='bbox 1802 2094 1985 2127; x_wconf 92' lang='lat' dir='ltr'>eorum</span> <span class='ocrx_word' id='word_1_235' title='bbox 2015 2079 2192 2127; x_wconf 89' lang='lat' dir='ltr'>casalia</span> <span class='ocrx_word' id='word_1_236' title='bbox 2221 2080 2308 2128; x_wconf 82' lang='lat' dir='ltr'>ad—</span> 
     </span>
     <span class='ocr_line' id='line_1_26' title="bbox 131 2148 2308 2219; baseline 0.002 -23"><span class='ocrx_word' id='word_1_237' title='bbox 131 2148 234 2197; x_wconf 91' lang='lat' dir='ltr'>huc</span> <span class='ocrx_word' id='word_1_238' title='bbox 277 2148 472 2212; x_wconf 85' lang='lat' dir='ltr'>integra</span> <span class='ocrx_word' id='word_1_239' title='bbox 515 2150 788 2214; x_wconf 87' lang='lat' dir='ltr'>destruxit,</span> <span class='ocrx_word' id='word_1_240' title='bbox 834 2166 1154 2215; x_wconf 87' lang='lat' dir='ltr'>quamquam</span> <span class='ocrx_word' id='word_1_241' title='bbox 1198 2151 1428 2200; x_wconf 91' lang='lat' dir='ltr'>redditus</span> <span class='ocrx_word' id='word_1_242' title='bbox 1471 2151 1592 2201; x_wconf 92' lang='lat' dir='ltr'>inde</span> <span class='ocrx_word' id='word_1_243' title='bbox 1633 2153 1995 2218; x_wconf 88' lang='lat' dir='ltr'>provenientes</span> <span class='ocrx_word' id='word_1_244' title='bbox 2035 2155 2096 2202; x_wconf 92' lang='lat' dir='ltr'>ad</span> <span class='ocrx_word' id='word_1_245' title='bbox 2138 2154 2308 2219; x_wconf 89' lang='lat' dir='ltr'>ipsum</span> 
     </span>
     <span class='ocr_line' id='line_1_27' title="bbox 132 2223 2307 2292; baseline 0.002 -21"><span class='ocrx_word' id='word_1_246' title='bbox 132 2223 486 2287; x_wconf 88' lang='lat' dir='ltr'>deveniebant,</span> <span class='ocrx_word' id='word_1_247' title='bbox 519 2235 567 2272; x_wconf 94' lang='lat' dir='ltr'>et</span> <span class='ocrx_word' id='word_1_248' title='bbox 595 2223 688 2272; x_wconf 89' lang='lat' dir='ltr'>alia</span> <span class='ocrx_word' id='word_1_249' title='bbox 717 2224 823 2273; x_wconf 90' lang='lat' dir='ltr'>vice</span> <span class='ocrx_word' id='word_1_250' title='bbox 853 2224 1096 2273; x_wconf 89' lang='lat' dir='ltr'>homines</span> <span class='ocrx_word' id='word_1_251' title='bbox 1124 2225 1256 2289; x_wconf 85' lang='lat' dir='ltr'>regis</span> <span class='ocrx_word' id='word_1_252' title='bbox 1286 2225 1459 2274; x_wconf 88' lang='lat' dir='ltr'>fratres</span> <span class='ocrx_word' id='word_1_253' title='bbox 1489 2226 1541 2275; x_wconf 93' lang='lat' dir='ltr'>in</span> <span class='ocrx_word' id='word_1_254' title='bbox 1570 2227 1820 2291; x_wconf 85' lang='lat' dir='ltr'>angustiis</span> <span class='ocrx_word' id='word_1_255' title='bbox 1839 2228 2151 2292; x_wconf 91' lang='lat' dir='ltr'>quibusdam</span> <span class='ocrx_word' id='word_1_256' title='bbox 2183 2245 2307 2276; x_wconf 89' lang='lat' dir='ltr'>con-</span> 
     </span>
     <span class='ocr_line' id='line_1_28' title="bbox 131 2296 2308 2367; baseline 0.002 -22"><span class='ocrx_word' id='word_1_257' title='bbox 131 2296 330 2347; x_wconf 90' lang='lat' dir='ltr'>stitutos</span> <span class='ocrx_word' id='word_1_258' title='bbox 366 2298 589 2363; x_wconf 82' lang='lat' dir='ltr'>aggressi</span> <span class='ocrx_word' id='word_1_259' title='bbox 630 2299 931 2363; x_wconf 83' lang='lat' dir='ltr'>magistrum</span> <span class='ocrx_word' id='word_1_260' title='bbox 961 2315 1017 2347; x_wconf 90' lang='lat' dir='ltr'>ac</span> <span class='ocrx_word' id='word_1_261' title='bbox 1045 2299 1217 2364; x_wconf 90' lang='lat' dir='ltr'>plures</span> <span class='ocrx_word' id='word_1_262' title='bbox 1247 2299 1420 2349; x_wconf 88' lang='lat' dir='ltr'>fratres</span> <span class='ocrx_word' id='word_1_263' title='bbox 1448 2300 1866 2367; x_wconf 88' lang='lat' dir='ltr'>vulneraverunt,</span> <span class='ocrx_word' id='word_1_264' title='bbox 1908 2319 2076 2351; x_wconf 91' lang='lat' dir='ltr'>unum</span> <span class='ocrx_word' id='word_1_265' title='bbox 2107 2303 2308 2351; x_wconf 89' lang='lat' dir='ltr'>occide-</span> 
     </span>
     <span class='ocr_line' id='line_1_29' title="bbox 130 2371 2309 2441; baseline 0.003 -22"><span class='ocrx_word' id='word_1_266' title='bbox 130 2384 250 2420; x_wconf 89' lang='lat' dir='ltr'>runt</span> <span class='ocrx_word' id='word_1_267' title='bbox 278 2388 334 2420; x_wconf 86' lang='lat' dir='ltr'>ac</span> <span class='ocrx_word' id='word_1_268' title='bbox 360 2371 496 2420; x_wconf 91' lang='lat' dir='ltr'>varia</span> <span class='ocrx_word' id='word_1_269' title='bbox 522 2372 692 2437; x_wconf 84' lang='lat' dir='ltr'>gravia</span> <span class='ocrx_word' id='word_1_270' title='bbox 722 2373 910 2421; x_wconf 89' lang='lat' dir='ltr'>damna</span> <span class='ocrx_word' id='word_1_271' title='bbox 929 2389 1098 2422; x_wconf 89' lang='lat' dir='ltr'>rerum</span> <span class='ocrx_word' id='word_1_272' title='bbox 1121 2373 1191 2422; x_wconf 92' lang='lat' dir='ltr'>eis</span> <span class='ocrx_word' id='word_1_273' title='bbox 1211 2374 1516 2438; x_wconf 85' lang='lat' dir='ltr'>irrogarunt.</span> <span class='ocrx_word' id='word_1_274' title='bbox 1546 2376 1720 2441; x_wconf 90' lang='lat' dir='ltr'>Itaque</span> <span class='ocrx_word' id='word_1_275' title='bbox 1740 2377 2072 2425; x_wconf 90' lang='lat' dir='ltr'>Innocentius</span> <span class='ocrx_word' id='word_1_276' title='bbox 2093 2377 2309 2440; x_wconf 87' lang='lat' dir='ltr'>nuntiat,</span> 
     </span>
     <span class='ocr_line' id='line_1_30' title="bbox 130 2445 2308 2514; baseline 0.002 -20"><span class='ocrx_word' id='word_1_277' title='bbox 130 2462 182 2494; x_wconf 94' lang='lat' dir='ltr'>se</span> <span class='ocrx_word' id='word_1_278' title='bbox 212 2445 445 2512; x_wconf 90' lang='lat' dir='ltr'>praelatis</span> <span class='ocrx_word' id='word_1_279' title='bbox 474 2447 618 2510; x_wconf 82' lang='lat' dir='ltr'>regni</span> <span class='ocrx_word' id='word_1_280' title='bbox 646 2447 1108 2513; x_wconf 88' lang='lat' dir='ltr'>Hierosolymitani</span> <span class='ocrx_word' id='word_1_281' title='bbox 1138 2464 1193 2496; x_wconf 92' lang='lat' dir='ltr'>ac</span> <span class='ocrx_word' id='word_1_282' title='bbox 1221 2449 1325 2512; x_wconf 85' lang='lat' dir='ltr'>regi</span> <span class='ocrx_word' id='word_1_283' title='bbox 1355 2450 1640 2514; x_wconf 88' lang='lat' dir='ltr'>mandasse,</span> <span class='ocrx_word' id='word_1_284' title='bbox 1672 2464 1727 2499; x_wconf 91' lang='lat' dir='ltr'>ut</span> <span class='ocrx_word' id='word_1_285' title='bbox 1755 2451 2308 2500; x_wconf 89' lang='lat' dir='ltr'>excommunicationis</span> 
     </span>
     <span class='ocr_line' id='line_1_31' title="bbox 130 2520 2308 2591; baseline 0.003 -23"><span class='ocrx_word' id='word_1_286' title='bbox 130 2520 435 2569; x_wconf 89' lang='lat' dir='ltr'>sententiam</span> <span class='ocrx_word' id='word_1_287' title='bbox 464 2520 728 2587; x_wconf 90' lang='lat' dir='ltr'>publicent</span> <span class='ocrx_word' id='word_1_288' title='bbox 758 2522 960 2584; x_wconf 87' lang='lat' dir='ltr'>(Baluze</span> <span class='ocrx_word' id='word_1_289' title='bbox 991 2522 1043 2586; x_wconf 94' lang='lat' dir='ltr'>II,</span> <span class='ocrx_word' id='word_1_290' title='bbox 1073 2538 1120 2587; x_wconf 93' lang='lat' dir='ltr'>p.</span> <span class='ocrx_word' id='word_1_291' title='bbox 1158 2539 1347 2587; x_wconf 77' lang='lat'>534——</span> <span class='ocrx_word' id='word_1_292' title='bbox 1368 2540 1486 2589; x_wconf 82' lang='lat'>535,</span> <span class='ocrx_word' id='word_1_293' title='bbox 1518 2525 1617 2573; x_wconf 94' lang='lat' dir='ltr'>No.</span> <span class='ocrx_word' id='word_1_294' title='bbox 1651 2526 1746 2590; x_wconf 86' lang='lat'>64;</span> <span class='ocrx_word' id='word_1_295' title='bbox 1804 2525 1981 2590; x_wconf 83' lang='lat' dir='ltr'>Migne</span> <span class='ocrx_word' id='word_1_296' title='bbox 2012 2526 2088 2589; x_wconf 95' lang='grc' dir='ltr'>ΙΙΙ,</span> <span class='ocrx_word' id='word_1_297' title='bbox 2120 2542 2169 2591; x_wconf 93' lang='lat' dir='ltr'>p.</span> <span class='ocrx_word' id='word_1_298' title='bbox 2202 2542 2308 2590; x_wconf 78' lang='lat'>430</span> 
     </span>
     <span class='ocr_line' id='line_1_32' title="bbox 135 2591 2309 2665; baseline 0.002 -22"><span class='ocrx_word' id='word_1_299' title='bbox 135 2611 269 2660; x_wconf 87' lang='lat'>—43</span> <span class='ocrx_word' id='word_1_300' title='bbox 290 2612 328 2659; x_wconf 81' lang='grc' dir='ltr'>ι,</span> <span class='ocrx_word' id='word_1_301' title='bbox 349 2595 448 2645; x_wconf 90' lang='lat' dir='ltr'>No.</span> <span class='ocrx_word' id='word_1_302' title='bbox 470 2594 567 2659; x_wconf 77' lang='lat'>643</span> <span class='ocrx_word' id='word_1_303' title='bbox 599 2596 841 2660; x_wconf 83' lang='lat' dir='ltr'>Potthast,</span> <span class='ocrx_word' id='word_1_304' title='bbox 864 2597 960 2647; x_wconf 80' lang='lat' dir='ltr'>No,</span> <span class='ocrx_word' id='word_1_305' title='bbox 980 2596 1158 2661; x_wconf 82' lang='lat'>4247).</span> <span class='ocrx_word' id='word_1_306' title='bbox 1187 2591 1202 2665; x_wconf 79' lang='grc' dir='ltr'>Η</span> <span class='ocrx_word' id='word_1_307' title='bbox 1230 2597 1299 2646; x_wconf 91' lang='lat' dir='ltr'>Ut</span> <span class='ocrx_word' id='word_1_308' title='bbox 1327 2598 1451 2646; x_wconf 90' lang='lat' dir='ltr'>haec</span> <span class='ocrx_word' id='word_1_309' title='bbox 1478 2599 2030 2648; x_wconf 88' lang='lat' dir='ltr'>excommunicationis</span> <span class='ocrx_word' id='word_1_310' title='bbox 2059 2599 2309 2649; x_wconf 90' lang='lat' dir='ltr'>sententia</span> 
     </span>
     <span class='ocr_line' id='line_1_33' title="bbox 129 2669 2308 2738; baseline 0.003 -21"><span class='ocrx_word' id='word_1_311' title='bbox 129 2669 442 2734; x_wconf 88' lang='lat' dir='ltr'>observetur,</span> <span class='ocrx_word' id='word_1_312' title='bbox 462 2670 794 2720; x_wconf 87' lang='lat' dir='ltr'>Innocentius</span> <span class='ocrx_word' id='word_1_313' title='bbox 820 2672 878 2720; x_wconf 82' lang='lat'>18</span> <span class='ocrx_word' id='word_1_314' title='bbox 901 2669 1122 2734; x_wconf 84' lang='lat' dir='ltr'>Maj.121</span> <span class='ocrx_word' id='word_1_315' title='bbox 1148 2689 1161 2719; x_wconf 90' lang='lat'>1</span> <span class='ocrx_word' id='word_1_316' title='bbox 1190 2672 1355 2737; x_wconf 85' lang='lat' dir='ltr'>Petro,</span> <span class='ocrx_word' id='word_1_317' title='bbox 1372 2672 1682 2738; x_wconf 88' lang='lat' dir='ltr'>patriarchae</span> <span class='ocrx_word' id='word_1_318' title='bbox 1698 2673 2042 2737; x_wconf 91' lang='lat' dir='ltr'>Antiocheno,</span> <span class='ocrx_word' id='word_1_319' title='bbox 2062 2674 2308 2736; x_wconf 70' lang='lat' dir='ltr'>(Clarent-</span> 
     </span>
     <span class='ocr_line' id='line_1_34' title="bbox 130 2742 2308 2814; baseline 0.002 -23"><span class='ocrx_word' id='word_1_320' title='bbox 130 2742 316 2807; x_wconf 89' lang='lat' dir='ltr'>baldo),</span> <span class='ocrx_word' id='word_1_321' title='bbox 342 2744 564 2810; x_wconf 91' lang='lat' dir='ltr'>Tyrensi</span> <span class='ocrx_word' id='word_1_322' title='bbox 594 2745 999 2811; x_wconf 88' lang='lat' dir='ltr'>archiepiscopo,</span> <span class='ocrx_word' id='word_1_323' title='bbox 1028 2744 1270 2806; x_wconf 85' lang='lat' dir='ltr'>(Radulfo</span> <span class='ocrx_word' id='word_1_324' title='bbox 1287 2746 1340 2809; x_wconf 83' lang='lat'>?),</span> <span class='ocrx_word' id='word_1_325' title='bbox 1371 2746 1684 2812; x_wconf 88' lang='lat' dir='ltr'>Sidoniensi,</span> <span class='ocrx_word' id='word_1_326' title='bbox 1713 2748 1983 2810; x_wconf 87' lang='lat' dir='ltr'>(Gaufrido</span> <span class='ocrx_word' id='word_1_327' title='bbox 1999 2749 2050 2812; x_wconf 63' lang='grc' dir='ltr'>ἒ),</span> <span class='ocrx_word' id='word_1_328' title='bbox 2080 2748 2308 2814; x_wconf 91' lang='lat' dir='ltr'>Tripoli-</span> 
     </span>
     <span class='ocr_line' id='line_1_35' title="bbox 128 2817 2307 2888; baseline 0.003 -23"><span class='ocrx_word' id='word_1_329' title='bbox 128 2830 263 2882; x_wconf 88' lang='lat' dir='ltr'>tano,</span> <span class='ocrx_word' id='word_1_330' title='bbox 293 2817 434 2882; x_wconf 83' lang='lat' dir='ltr'>(ss.?)‚</span> <span class='ocrx_word' id='word_1_331' title='bbox 454 2819 765 2883; x_wconf 89' lang='lat' dir='ltr'>Tortosano,</span> <span class='ocrx_word' id='word_1_332' title='bbox 789 2819 1109 2869; x_wconf 92' lang='lat' dir='ltr'>Nimociensi</span> <span class='ocrx_word' id='word_1_333' title='bbox 1140 2832 1186 2868; x_wconf 92' lang='lat' dir='ltr'>et</span> <span class='ocrx_word' id='word_1_334' title='bbox 1205 2820 1602 2886; x_wconf 82' lang='lat' dir='ltr'>FamagustanO,</span> <span class='ocrx_word' id='word_1_335' title='bbox 1633 2821 1887 2888; x_wconf 91' lang='lat' dir='ltr'>episcopis</span> <span class='ocrx_word' id='word_1_336' title='bbox 1917 2824 2125 2872; x_wconf 90' lang='lat' dir='ltr'>mandat</span> <span class='ocrx_word' id='word_1_337' title='bbox 2154 2823 2307 2886; x_wconf 74' lang='lat' dir='ltr'>(Port-</span> 
     </span>
     <span class='ocr_line' id='line_1_36' title="bbox 129 2891 2309 2963; baseline 0.003 -24"><span class='ocrx_word' id='word_1_338' title='bbox 129 2891 255 2955; x_wconf 87' lang='lat' dir='ltr'>hast,</span> <span class='ocrx_word' id='word_1_339' title='bbox 276 2893 375 2942; x_wconf 90' lang='lat' dir='ltr'>No.</span> <span class='ocrx_word' id='word_1_340' title='bbox 395 2893 557 2958; x_wconf 86' lang='lat'><strong>4248)</strong></span> <span class='ocrx_word' id='word_1_341' title='bbox 587 2905 636 2942; x_wconf 91' lang='lat' dir='ltr'>et</span> <span class='ocrx_word' id='word_1_342' title='bbox 673 2911 731 2958; x_wconf 82' lang='lat'>19</span> <span class='ocrx_word' id='word_1_343' title='bbox 761 2892 880 2957; x_wconf 91' lang='lat' dir='ltr'>Maj.</span> <span class='ocrx_word' id='word_1_344' title='bbox 910 2894 1219 2958; x_wconf 88' lang='lat' dir='ltr'>Johannem,</span> <span class='ocrx_word' id='word_1_345' title='bbox 1250 2911 1422 2958; x_wconf 83' lang='lat' dir='ltr'>regem</span> <span class='ocrx_word' id='word_1_346' title='bbox 1453 2896 2008 2963; x_wconf 88' lang='lat' dir='ltr'>Hierosolymitanum,</span> <span class='ocrx_word' id='word_1_347' title='bbox 2040 2898 2309 2962; x_wconf 79' lang='lat' dir='ltr'>indigenas</span> 
     </span>
     <span class='ocr_line' id='line_1_37' title="bbox 131 2966 2307 3038; baseline 0.002 -24"><span class='ocrx_word' id='word_1_348' title='bbox 131 2978 179 3014; x_wconf 93' lang='lat' dir='ltr'>et</span> <span class='ocrx_word' id='word_1_349' title='bbox 207 2966 507 3032; x_wconf 85' lang='lat' dir='ltr'>peregrinos</span> <span class='ocrx_word' id='word_1_350' title='bbox 536 2967 588 3016; x_wconf 93' lang='lat' dir='ltr'>in</span> <span class='ocrx_word' id='word_1_351' title='bbox 617 2968 778 3017; x_wconf 90' lang='lat' dir='ltr'>Terra</span> <span class='ocrx_word' id='word_1_352' title='bbox 807 2968 989 3017; x_wconf 84' lang='lat' dir='ltr'>Sancta</span> <span class='ocrx_word' id='word_1_353' title='bbox 1019 2968 1323 3017; x_wconf 89' lang='lat' dir='ltr'>constitutos</span> <span class='ocrx_word' id='word_1_354' title='bbox 1353 2983 1545 3035; x_wconf 90' lang='lat' dir='ltr'>monet,</span> <span class='ocrx_word' id='word_1_355' title='bbox 1586 2983 1641 3020; x_wconf 92' lang='lat' dir='ltr'>ut</span> <span class='ocrx_word' id='word_1_356' title='bbox 1669 2972 1933 3020; x_wconf 91' lang='lat' dir='ltr'>antedictis</span> <span class='ocrx_word' id='word_1_357' title='bbox 1963 2973 2194 3038; x_wconf 84' lang='lat' dir='ltr'>praelatis</span> <span class='ocrx_word' id='word_1_358' title='bbox 2224 2990 2307 3020; x_wconf 80' lang='lat' dir='ltr'>ex-</span> 
     </span>
     <span class='ocr_line' id='line_1_38' title="bbox 128 3041 2307 3111; baseline 0.003 -23"><span class='ocrx_word' id='word_1_359' title='bbox 128 3041 659 3091; x_wconf 88' lang='lat' dir='ltr'>communicationem</span> <span class='ocrx_word' id='word_1_360' title='bbox 688 3042 1099 3108; x_wconf 88' lang='lat' dir='ltr'>pronuntiaturis</span> <span class='ocrx_word' id='word_1_361' title='bbox 1128 3042 1376 3091; x_wconf 93' lang='lat' dir='ltr'>auxilium</span> <span class='ocrx_word' id='word_1_362' title='bbox 1409 3058 1661 3108; x_wconf 88' lang='lat' dir='ltr'>praestent</span> <span class='ocrx_word' id='word_1_363' title='bbox 1691 3045 1830 3107; x_wconf 92' lang='lat' dir='ltr'>(ibid.</span> <span class='ocrx_word' id='word_1_364' title='bbox 1863 3047 1959 3095; x_wconf 93' lang='lat' dir='ltr'>No.</span> <span class='ocrx_word' id='word_1_365' title='bbox 1989 3047 2169 3111; x_wconf 82' lang='lat'>4249).</span> <span class='ocrx_word' id='word_1_366' title='bbox 2230 3049 2307 3094; x_wconf 87' lang='lat' dir='ltr'>Ab</span> 
     </span>
     <span class='ocr_line' id='line_1_39' title="bbox 129 3115 2307 3184; baseline 0.003 -22"><span class='ocrx_word' id='word_1_367' title='bbox 129 3115 665 3165; x_wconf 90' lang='lat' dir='ltr'>excommunicatione</span> <span class='ocrx_word' id='word_1_368' title='bbox 708 3116 1041 3166; x_wconf 89' lang='lat' dir='ltr'>Innocentius</span> <span class='ocrx_word' id='word_1_369' title='bbox 1072 3117 1132 3165; x_wconf 94' lang='lat' dir='ltr'>III</span> <span class='ocrx_word' id='word_1_370' title='bbox 1174 3117 1405 3166; x_wconf 89' lang='lat' dir='ltr'>Leonem</span> <span class='ocrx_word' id='word_1_371' title='bbox 1448 3135 1617 3184; x_wconf 86' lang='lat' dir='ltr'>neque</span> <span class='ocrx_word' id='word_1_372' title='bbox 1658 3133 1828 3169; x_wconf 90' lang='lat' dir='ltr'>tamen</span> <span class='ocrx_word' id='word_1_373' title='bbox 1866 3121 2109 3170; x_wconf 92' lang='lat' dir='ltr'>comitem</span> <span class='ocrx_word' id='word_1_374' title='bbox 2139 3122 2307 3169; x_wconf 80' lang='lat' dir='ltr'>ssohe-</span> 
     </span>
     <span class='ocr_line' id='line_1_40' title="bbox 129 3189 2305 3260; baseline 0.003 -24"><span class='ocrx_word' id='word_1_375' title='bbox 129 3189 390 3238; x_wconf 89' lang='lat' dir='ltr'>mundum</span> <span class='ocrx_word' id='word_1_376' title='bbox 407 3189 794 3255; x_wconf 88' lang='lat' dir='ltr'>Tripolitanum</span> <span class='ocrx_word' id='word_1_377' title='bbox 823 3208 865 3240; x_wconf 90' lang='lat' dir='ltr'>a.</span> <span class='ocrx_word' id='word_1_378' title='bbox 894 3208 1023 3255; x_wconf 78' lang='lat'>1213</span> <span class='ocrx_word' id='word_1_379' title='bbox 1047 3190 1263 3240; x_wconf 89' lang='lat' dir='ltr'>absolvit</span> <span class='ocrx_word' id='word_1_380' title='bbox 1282 3190 1540 3257; x_wconf 81' lang='lat' dir='ltr'>(Potthast,</span> <span class='ocrx_word' id='word_1_381' title='bbox 1563 3195 1661 3244; x_wconf 91' lang='lat' dir='ltr'>No.</span> <span class='ocrx_word' id='word_1_382' title='bbox 1681 3196 1843 3259; x_wconf 80' lang='lat'><strong>4685)</strong></span> <span class='ocrx_word' id='word_1_383' title='bbox 1864 3212 2091 3260; x_wconf 87' lang='lat' dir='ltr'>eumque</span> <span class='ocrx_word' id='word_1_384' title='bbox 2112 3208 2305 3250; x_wconf 77' lang='lat' dir='ltr'>monet,</span> 
     </span>
     <span class='ocr_line' id='line_1_41' title="bbox 130 3264 2301 3335; baseline 0.002 -24"><span class='ocrx_word' id='word_1_385' title='bbox 130 3274 185 3311; x_wconf 90' lang='lat' dir='ltr'>ut</span> <span class='ocrx_word' id='word_1_386' title='bbox 225 3276 467 3328; x_wconf 90' lang='lat' dir='ltr'>nepotem</span> <span class='ocrx_word' id='word_1_387' title='bbox 506 3264 879 3331; x_wconf 88' lang='lat' dir='ltr'>Raymundum</span> <span class='ocrx_word' id='word_1_388' title='bbox 910 3265 1181 3330; x_wconf 88' lang='lat' dir='ltr'>Rupinum</span> <span class='ocrx_word' id='word_1_389' title='bbox 1213 3266 1445 3332; x_wconf 81' lang='lat' dir='ltr'>corrigat,</span> <span class='ocrx_word' id='word_1_390' title='bbox 1466 3268 1554 3333; x_wconf 86' lang='lat' dir='ltr'>qui</span> <span class='ocrx_word' id='word_1_391' title='bbox 1584 3268 1762 3317; x_wconf 86' lang='lat' dir='ltr'>casalia</span> <span class='ocrx_word' id='word_1_392' title='bbox 1792 3270 2101 3335; x_wconf 86' lang='lat' dir='ltr'>patriarchae</span> <span class='ocrx_word' id='word_1_393' title='bbox 2123 3270 2301 3318; x_wconf 87' lang='lat' dir='ltr'>Antio-</span> 
     </span>
     <span class='ocr_line' id='line_1_42' title="bbox 128 3335 2299 3404; baseline 0.002 -20"><span class='ocrx_word' id='word_1_394' title='bbox 128 3335 279 3385; x_wconf 89' lang='lat' dir='ltr'>cheni</span> <span class='ocrx_word' id='word_1_395' title='bbox 308 3337 621 3388; x_wconf 88' lang='lat' dir='ltr'>destruxerat</span> <span class='ocrx_word' id='word_1_396' title='bbox 650 3338 910 3403; x_wconf 81' lang='lat' dir='ltr'>(Potthast,</span> <span class='ocrx_word' id='word_1_397' title='bbox 948 3341 1046 3388; x_wconf 86' lang='lat' dir='ltr'>No.</span> <span class='ocrx_word' id='word_1_398' title='bbox 1078 3340 1257 3404; x_wconf 78' lang='lat'>4677).</span> <span class='ocrx_word' id='word_1_399' title='bbox 2192 3342 2299 3390; x_wconf 82' lang='lat'>851</span> 
     </span>
    </p>
   </div>
   <div class='ocr_carea' id='block_1_8' title="bbox 129 3442 2306 3585">
    <p class='ocr_par' dir='ltr' id='par_1_8' title="bbox 129 3442 2306 3585">
     <span class='ocr_line' id='line_1_43' title="bbox 264 3442 2306 3512; baseline 0.003 -22"><span class='ocrx_word' id='word_1_400' title='bbox 264 3477 295 3502; x_wconf 91' lang='lat'><strong>„</strong></span> <span class='ocrx_word' id='word_1_401' title='bbox 372 3442 489 3491; x_wconf 93' lang='lat' dir='ltr'>Jun.</span> <span class='ocrx_word' id='word_1_402' title='bbox 522 3460 569 3496; x_wconf 90' lang='lat'>7.</span> <span class='ocrx_word' id='word_1_403' title='bbox 613 3444 864 3493; x_wconf 89' lang='lat' dir='ltr'>Laterani.</span> <span class='ocrx_word' id='word_1_404' title='bbox 894 3472 966 3478; x_wconf 92' lang='lat'>——</span> <span class='ocrx_word' id='word_1_405' title='bbox 996 3444 1327 3493; x_wconf 89' lang='lat' dir='ltr'>Innocentius</span> <span class='ocrx_word' id='word_1_406' title='bbox 1358 3445 1417 3493; x_wconf 95' lang='lat' dir='ltr'>III</span> <span class='ocrx_word' id='word_1_407' title='bbox 1457 3444 1614 3495; x_wconf 78' lang='lat' dir='ltr'>Malik</span> <span class='ocrx_word' id='word_1_408' title='bbox 1644 3448 1896 3512; x_wconf 70' lang='lat' dir='ltr'>az—Zsshir,</span> <span class='ocrx_word' id='word_1_409' title='bbox 1938 3448 2215 3497; x_wconf 84' lang='lat' dir='ltr'>soldanum</span> <span class='ocrx_word' id='word_1_410' title='bbox 2246 3448 2306 3496; x_wconf 80' lang='lat' dir='ltr'>de</span> 
     </span>
     <span class='ocr_line' id='line_1_44' title="bbox 129 3514 2306 3585; baseline 0.002 -22"><span class='ocrx_word' id='word_1_411' title='bbox 129 3514 324 3580; x_wconf 89' lang='lat' dir='ltr'>Alapia,</span> <span class='ocrx_word' id='word_1_412' title='bbox 342 3515 373 3578; x_wconf 75' lang='grc'>1)</span> <span class='ocrx_word' id='word_1_413' title='bbox 404 3517 713 3581; x_wconf 87' lang='lat' dir='ltr'>exhortatur,</span> <span class='ocrx_word' id='word_1_414' title='bbox 747 3532 799 3567; x_wconf 90' lang='lat' dir='ltr'>ut</span> <span class='ocrx_word' id='word_1_415' title='bbox 830 3517 1070 3582; x_wconf 84' lang='lat' dir='ltr'>justitiam</span> <span class='ocrx_word' id='word_1_416' title='bbox 1105 3517 1301 3567; x_wconf 88' lang='lat' dir='ltr'>excolat</span> <span class='ocrx_word' id='word_1_417' title='bbox 1330 3532 1375 3568; x_wconf 91' lang='lat' dir='ltr'>et</span> <span class='ocrx_word' id='word_1_418' title='bbox 1405 3519 1579 3584; x_wconf 83' lang='lat' dir='ltr'>diligat</span> <span class='ocrx_word' id='word_1_419' title='bbox 1608 3521 1885 3585; x_wconf 81' lang='lat' dir='ltr'>veritatem,</span> <span class='ocrx_word' id='word_1_420' title='bbox 1917 3523 2306 3571; x_wconf 79' lang='lat' dir='ltr'>Antiochcnum</span> 
     </span>
    </p>
   </div>
   <div class='ocr_carea' id='block_1_9' title="bbox 128 3659 2307 4019">
    <p class='ocr_par' dir='ltr' id='par_1_9' title="bbox 128 3659 2307 4019">
     <span class='ocr_line' id='line_1_45' title="bbox 254 3659 2307 3724; baseline 0.004 -23"><span class='ocrx_word' id='word_1_421' title='bbox 254 3662 286 3714; x_wconf 84' lang='lat'>¹)</span> <span class='ocrx_word' id='word_1_422' title='bbox 320 3659 540 3703; x_wconf 74' lang='lat' dir='ltr'>Eundem</span> <span class='ocrx_word' id='word_1_423' title='bbox 565 3674 673 3704; x_wconf 90' lang='lat' dir='ltr'>cum</span> <span class='ocrx_word' id='word_1_424' title='bbox 698 3661 1038 3718; x_wconf 80' lang='lat' dir='ltr'>Bohcmundo,</span> <span class='ocrx_word' id='word_1_425' title='bbox 1062 3661 1237 3705; x_wconf 83' lang='lat' dir='ltr'>comite</span> <span class='ocrx_word' id='word_1_426' title='bbox 1254 3662 1571 3720; x_wconf 76' lang='lat' dir='ltr'>&#39;l&#39;ripolitano‚</span> <span class='ocrx_word' id='word_1_427' title='bbox 1596 3663 1790 3708; x_wconf 72' lang='lat' dir='ltr'>foedere</span> <span class='ocrx_word' id='word_1_428' title='bbox 1816 3664 2123 3724; x_wconf 80' lang='lat' dir='ltr'>conjunctum</span> <span class='ocrx_word' id='word_1_429' title='bbox 2151 3666 2307 3715; x_wconf 68' lang='lat' dir='ltr'>fuisse.</span> 
     </span>
     <span class='ocr_line' id='line_1_46' title="bbox 128 3718 2279 3782; baseline 0.004 -22"><span class='ocrx_word' id='word_1_430' title='bbox 128 3732 270 3775; x_wconf 87' lang='lat' dir='ltr'>supra</span> <span class='ocrx_word' id='word_1_431' title='bbox 294 3718 406 3773; x_wconf 90' lang='lat' dir='ltr'>(No.</span> <span class='ocrx_word' id='word_1_432' title='bbox 431 3720 535 3777; x_wconf 69' lang='lat'>794)</span> <span class='ocrx_word' id='word_1_433' title='bbox 560 3731 881 3764; x_wconf 84' lang='lat' dir='ltr'>memoratum</span> <span class='ocrx_word' id='word_1_434' title='bbox 905 3731 988 3764; x_wconf 78' lang='lat' dir='ltr'>est.</span> <span class='ocrx_word' id='word_1_435' title='bbox 1043 3722 1097 3763; x_wconf 80' lang='lat' dir='ltr'>A.</span> <span class='ocrx_word' id='word_1_436' title='bbox 1130 3736 1236 3779; x_wconf 79' lang='lat'>¹203</span> <span class='ocrx_word' id='word_1_437' title='bbox 1267 3722 1543 3777; x_wconf 66' lang='lat' dir='ltr'>Balduinus‘,</span> <span class='ocrx_word' id='word_1_438' title='bbox 1579 3738 1742 3767; x_wconf 75' lang='lat' dir='ltr'>comes</span> <span class='ocrx_word' id='word_1_439' title='bbox 1781 3724 2038 3780; x_wconf 57' lang='lat' dir='ltr'>lslantiriae,</span> <span class='ocrx_word' id='word_1_440' title='bbox 2075 3726 2169 3782; x_wconf 61' lang='lat' dir='ltr'>regi</span> <span class='ocrx_word' id='word_1_441' title='bbox 2198 3727 2279 3769; x_wconf 70' lang='lat' dir='ltr'>Alc</span> 
     </span>
     <span class='ocr_line' id='line_1_47' title="bbox 129 3776 2302 3842; baseline 0.004 -22"><span class='ocrx_word' id='word_1_442' title='bbox 129 3776 348 3821; x_wconf 83' lang='lat' dir='ltr'>manniae</span> <span class='ocrx_word' id='word_1_443' title='bbox 374 3777 543 3821; x_wconf 88' lang='lat' dir='ltr'>Ottoni</span> <span class='ocrx_word' id='word_1_444' title='bbox 567 3779 625 3821; x_wconf 86' lang='lat' dir='ltr'>IV</span> <span class='ocrx_word' id='word_1_445' title='bbox 653 3778 838 3823; x_wconf 78' lang='lat' dir='ltr'>scribit:</span> <span class='ocrx_word' id='word_1_446' title='bbox 867 3795 982 3823; x_wconf 80' lang='lat' dir='ltr'>«nos</span> <span class='ocrx_word' id='word_1_447' title='bbox 1007 3780 1209 3823; x_wconf 80' lang='lat' dir='ltr'>soldano</span> <span class='ocrx_word' id='word_1_448' title='bbox 1235 3780 1512 3825; x_wconf 74' lang='lat' dir='ltr'>.13abil‹›niac</span> <span class='ocrx_word' id='word_1_449' title='bbox 1537 3783 1735 3826; x_wconf 77' lang='lat' dir='ltr'>nuncios</span> <span class='ocrx_word' id='word_1_450' title='bbox 1763 3784 1990 3839; x_wconf 72' lang='lat' dir='ltr'>misinms,</span> <span class='ocrx_word' id='word_1_451' title='bbox 2015 3784 2093 3842; x_wconf 77' lang='lat' dir='ltr'>qui</span> <span class='ocrx_word' id='word_1_452' title='bbox 2120 3785 2302 3828; x_wconf 76' lang='lat' dir='ltr'>iutima-</span> 
     </span>
     <span class='ocr_line' id='line_1_48' title="bbox 128 3837 2303 3898; baseline 0.004 -19"><span class='ocrx_word' id='word_1_453' title='bbox 128 3846 245 3894; x_wconf 90' lang='lat' dir='ltr'>rent,</span> <span class='ocrx_word' id='word_1_454' title='bbox 281 3837 413 3895; x_wconf 87' lang='lat' dir='ltr'>quod</span> <span class='ocrx_word' id='word_1_455' title='bbox 450 3838 756 3881; x_wconf 71' lang='lat' dir='ltr'>devotionem</span> <span class='ocrx_word' id='word_1_456' title='bbox 796 3839 955 3896; x_wconf 74' lang='lat' dir='ltr'>populi</span> <span class='ocrx_word' id='word_1_457' title='bbox 993 3839 1229 3883; x_wconf 73' lang='lat' dir='ltr'>christiani</span> <span class='ocrx_word' id='word_1_458' title='bbox 1265 3838 1504 3885; x_wconf 78' lang='lat' dir='ltr'>incredule</span> <span class='ocrx_word' id='word_1_459' title='bbox 1541 3842 1692 3898; x_wconf 66' lang='lat' dir='ltr'>gentis</span> <span class='ocrx_word' id='word_1_460' title='bbox 1727 3858 1840 3887; x_wconf 80' lang='lat' dir='ltr'>suae</span> <span class='ocrx_word' id='word_1_461' title='bbox 1880 3845 1980 3887; x_wconf 73' lang='lat' dir='ltr'>Deo</span> <span class='ocrx_word' id='word_1_462' title='bbox 2019 3846 2228 3888; x_wconf 71' lang='lat' dir='ltr'>donante</span> <span class='ocrx_word' id='word_1_463' title='bbox 2261 3845 2303 3887; x_wconf 83' lang='lat' dir='ltr'>iu</span> 
     </span>
     <span class='ocr_line' id='line_1_49' title="bbox 128 3895 2278 3953; baseline 0.004 -14"><span class='ocrx_word' id='word_1_464' title='bbox 128 3895 349 3952; x_wconf 90' lang='lat' dir='ltr'>proximo</span> <span class='ocrx_word' id='word_1_465' title='bbox 386 3910 716 3953; x_wconf 84' lang='lat' dir='ltr'>proponamus</span> <span class='ocrx_word' id='word_1_466' title='bbox 747 3900 1000 3942; x_wconf 71' lang='lat' dir='ltr'>ostendere</span> <span class='ocrx_word' id='word_1_467' title='bbox 1026 3910 1070 3942; x_wconf 80' lang='lat' dir='ltr'>ct</span> <span class='ocrx_word' id='word_1_468' title='bbox 1094 3899 1152 3941; x_wconf 77' lang='lat' dir='ltr'>ad</span> <span class='ocrx_word' id='word_1_469' title='bbox 1177 3900 1514 3945; x_wconf 82' lang='lat' dir='ltr'>contritionem</span> <span class='ocrx_word' id='word_1_470' title='bbox 1547 3901 1831 3946; x_wconf 76' lang='lat' dir='ltr'>infidelitatis</span> <span class='ocrx_word' id='word_1_471' title='bbox 1869 3904 1927 3947; x_wconf 79' lang='lat' dir='ltr'>de</span> <span class='ocrx_word' id='word_1_472' title='bbox 1962 3904 2064 3947; x_wconf 73' lang='lat' dir='ltr'>celo</span> <span class='ocrx_word' id='word_1_473' title='bbox 2101 3919 2189 3947; x_wconf 82' lang='lat' dir='ltr'>uos</span> <span class='ocrx_word' id='word_1_474' title='bbox 2225 3920 2278 3947; x_wconf 76' lang='lat' dir='ltr'>cx</span> 
     </span>
     <span class='ocr_line' id='line_1_50' title="bbox 129 3954 1593 4019; baseline 0.004 -22"><span class='ocrx_word' id='word_1_475' title='bbox 129 3965 346 4013; x_wconf 83' lang='lat' dir='ltr'>spectare</span> <span class='ocrx_word' id='word_1_476' title='bbox 369 3954 617 3999; x_wconf 77' lang='lat' dir='ltr'>virtutem»</span> <span class='ocrx_word' id='word_1_477' title='bbox 645 3958 792 4014; x_wconf 91' lang='lat' dir='ltr'>(Mon.</span> <span class='ocrx_word' id='word_1_478' title='bbox 819 3959 978 4003; x_wconf 76' lang='lat' dir='ltr'>Germ.</span> <span class='ocrx_word' id='word_1_479' title='bbox 1002 3958 1086 4003; x_wconf 84' lang='lat' dir='ltr'>SS.</span> <span class='ocrx_word' id='word_1_480' title='bbox 1112 3958 1234 4014; x_wconf 81' lang='lat' dir='ltr'>XXI,</span> <span class='ocrx_word' id='word_1_481' title='bbox 1257 3973 1299 4017; x_wconf 87' lang='lat' dir='ltr'>p.</span> <span class='ocrx_word' id='word_1_482' title='bbox 1326 3961 1593 4019; x_wconf 67' lang='lat'>225—220).</span> 
     </span>
    </p>
   </div>
   <div class='ocr_carea' id='block_1_10' title="bbox 1954 4058 2030 4118">
    <p class='ocr_par' dir='ltr' id='par_1_10' title="bbox 1954 4058 2030 4118">
     <span class='ocr_line' id='line_1_51' title="bbox 1954 4058 2030 4118; baseline 0 -16"><span class='ocrx_word' id='word_1_483' title='bbox 1954 4058 2030 4118; x_wconf 73' lang='lat'>15*</span> 
     </span>
    </p>
   </div>
  </div>
 </body>
</html>
