<?xml version="1.0" encoding="UTF-8"?>
<!DOCTYPE html PUBLIC "-//W3C//DTD XHTML 1.0 Transitional//EN"
    "http://www.w3.org/TR/xhtml1/DTD/xhtml1-transitional.dtd">
<html xmlns="http://www.w3.org/1999/xhtml" xml:lang="en" lang="en">
 <head>
  <title>
</title>
<meta http-equiv="Content-Type" content="text/html;charset=utf-8" />
  <meta name='ocr-system' content='tesseract 3.04.00' />
  <meta name='ocr-capabilities' content='ocr_page ocr_carea ocr_par ocr_line ocrx_word'/>
</head>
<body>
  <div class='ocr_page' id='page_1' title='image "./registaregnihier00rhuoft_0153.png"; bbox 0 0 2684 4244; ppageno 0'>
   <div class='ocr_carea' id='block_1_1' title="bbox 956 144 2330 220">
    <p class='ocr_par' dir='ltr' id='par_1_1' title="bbox 956 144 2330 220">
     <span class='ocr_line' id='line_1_1' title="bbox 956 144 2330 220; baseline -0.003 -26"><span class='ocrx_word' id='word_1_1' title='bbox 956 150 1088 208; x_wconf 71' lang='lat' dir='ltr'>regni</span> <span class='ocrx_word' id='word_1_2' title='bbox 1111 144 1543 209; x_wconf 82' lang='lat' dir='ltr'>Hierosolymitani.</span> <span class='ocrx_word' id='word_1_3' title='bbox 2240 169 2330 220; x_wconf 75' lang='lat'>¹45</span> 
     </span>
    </p>
   </div>
   <div class='ocr_carea' id='block_1_2' title="bbox 162 332 2347 1665">
    <p class='ocr_par' dir='ltr' id='par_1_2' title="bbox 162 332 2340 772">
     <span class='ocr_line' id='line_1_2' title="bbox 162 332 2339 398; baseline -0.002 -13"><span class='ocrx_word' id='word_1_4' title='bbox 162 335 300 385; x_wconf 89' lang='lat' dir='ltr'>tinus</span> <span class='ocrx_word' id='word_1_5' title='bbox 343 335 610 398; x_wconf 82' lang='lat' dir='ltr'>diaconuS,</span> <span class='ocrx_word' id='word_1_6' title='bbox 652 334 789 397; x_wconf 90' lang='lat' dir='ltr'>Odo,</span> <span class='ocrx_word' id='word_1_7' title='bbox 831 333 1085 397; x_wconf 84' lang='lat' dir='ltr'>Rogerius</span> <span class='ocrx_word' id='word_1_8' title='bbox 1124 332 1492 395; x_wconf 74' lang='lat' dir='ltr'>subdiaconus,</span> <span class='ocrx_word' id='word_1_9' title='bbox 1535 333 1792 382; x_wconf 87' lang='lat' dir='ltr'>Robertus</span> <span class='ocrx_word' id='word_1_10' title='bbox 1832 333 1894 382; x_wconf 92' lang='lat' dir='ltr'>de</span> <span class='ocrx_word' id='word_1_11' title='bbox 1934 333 2117 395; x_wconf 89' lang='lat' dir='ltr'>Roma,</span> <span class='ocrx_word' id='word_1_12' title='bbox 2160 333 2339 382; x_wconf 90' lang='lat' dir='ltr'>Petrus</span> 
     </span>
     <span class='ocr_line' id='line_1_3' title="bbox 162 406 2339 473; baseline -0.002 -15"><span class='ocrx_word' id='word_1_13' title='bbox 162 409 603 470; x_wconf 90' lang='lat' dir='ltr'>Barchilonensis;</span> <span class='ocrx_word' id='word_1_14' title='bbox 651 410 712 458; x_wconf 93' lang='lat' dir='ltr'>de</span> <span class='ocrx_word' id='word_1_15' title='bbox 743 406 931 457; x_wconf 89' lang='lat' dir='ltr'>familia</span> <span class='ocrx_word' id='word_1_16' title='bbox 959 407 1296 472; x_wconf 78' lang='lat' dir='ltr'>patriarchae:</span> <span class='ocrx_word' id='word_1_17' title='bbox 1344 406 1617 456; x_wconf 91' lang='lat' dir='ltr'>Galfredus</span> <span class='ocrx_word' id='word_1_18' title='bbox 1647 407 1858 473; x_wconf 88' lang='lat' dir='ltr'>dapifer,</span> <span class='ocrx_word' id='word_1_19' title='bbox 1895 406 2142 456; x_wconf 87' lang='lat' dir='ltr'>Girardus</span> <span class='ocrx_word' id='word_1_20' title='bbox 2172 407 2339 472; x_wconf 84' lang='lat' dir='ltr'>capel-</span> 
     </span>
     <span class='ocr_line' id='line_1_4' title="bbox 162 480 2339 547; baseline -0.001 -15"><span class='ocrx_word' id='word_1_21' title='bbox 162 483 329 547; x_wconf 84' lang='lat' dir='ltr'>lanus,</span> <span class='ocrx_word' id='word_1_22' title='bbox 359 484 539 532; x_wconf 87' lang='lat' dir='ltr'>Petrus</span> <span class='ocrx_word' id='word_1_23' title='bbox 568 483 796 544; x_wconf 91' lang='lat' dir='ltr'>clericus,</span> <span class='ocrx_word' id='word_1_24' title='bbox 829 481 1125 530; x_wconf 90' lang='lat' dir='ltr'>Willelmus</span> <span class='ocrx_word' id='word_1_25' title='bbox 1155 480 1386 539; x_wconf 75' lang='lat' dir='ltr'>crucifer,</span> <span class='ocrx_word' id='word_1_26' title='bbox 1417 481 1505 545; x_wconf 87' lang='lat' dir='ltr'>qui</span> <span class='ocrx_word' id='word_1_27' title='bbox 1536 482 1759 530; x_wconf 88' lang='lat' dir='ltr'>chartam</span> <span class='ocrx_word' id='word_1_28' title='bbox 1789 481 1999 547; x_wconf 77' lang='lat' dir='ltr'>scripsit,</span> <span class='ocrx_word' id='word_1_29' title='bbox 2031 482 2339 530; x_wconf 92' lang='lat' dir='ltr'>Aldebertus</span> 
     </span>
     <span class='ocr_line' id='line_1_5' title="bbox 164 555 2337 624; baseline -0.002 -17"><span class='ocrx_word' id='word_1_30' title='bbox 164 557 422 624; x_wconf 84' lang='lat' dir='ltr'>pincerna,</span> <span class='ocrx_word' id='word_1_31' title='bbox 462 570 585 606; x_wconf 91' lang='lat' dir='ltr'>tunc</span> <span class='ocrx_word' id='word_1_32' title='bbox 613 556 860 623; x_wconf 88' lang='lat' dir='ltr'>temporis</span> <span class='ocrx_word' id='word_1_33' title='bbox 889 568 1185 621; x_wconf 91' lang='lat' dir='ltr'>praeceptor</span> <span class='ocrx_word' id='word_1_34' title='bbox 1214 555 1403 604; x_wconf 89' lang='lat' dir='ltr'>domus</span> <span class='ocrx_word' id='word_1_35' title='bbox 1432 555 1758 621; x_wconf 82' lang='lat' dir='ltr'>patriarchae,</span> <span class='ocrx_word' id='word_1_36' title='bbox 1790 557 1967 605; x_wconf 82' lang='lat' dir='ltr'>Petrus</span> <span class='ocrx_word' id='word_1_37' title='bbox 1997 556 2337 604; x_wconf 89' lang='lat' dir='ltr'>Lombardus.</span> 
     </span>
     <span class='ocr_line' id='line_1_6' title="bbox 164 628 2337 697; baseline -0.001 -16"><span class='ocrx_word' id='word_1_38' title='bbox 164 632 357 681; x_wconf 87' lang='lat' dir='ltr'>Datum</span> <span class='ocrx_word' id='word_1_39' title='bbox 386 648 475 697; x_wconf 89' lang='lat' dir='ltr'>per</span> <span class='ocrx_word' id='word_1_40' title='bbox 504 648 718 681; x_wconf 88' lang='lat' dir='ltr'>manum</span> <span class='ocrx_word' id='word_1_41' title='bbox 759 629 1004 680; x_wconf 88' lang='lat' dir='ltr'>Monachi</span> <span class='ocrx_word' id='word_1_42' title='bbox 1034 628 1319 678; x_wconf 89' lang='lat' dir='ltr'>cancellarii</span> <span class='ocrx_word' id='word_1_43' title='bbox 1360 628 1612 693; x_wconf 84' lang='lat' dir='ltr'>(Roziere,</span> <span class='ocrx_word' id='word_1_44' title='bbox 1653 647 1702 695; x_wconf 91' lang='lat' dir='ltr'>p.</span> <span class='ocrx_word' id='word_1_45' title='bbox 1737 647 2041 695; x_wconf 79' lang='grc'>305-307,</span> <span class='ocrx_word' id='word_1_46' title='bbox 2072 631 2171 678; x_wconf 90' lang='lat' dir='ltr'>No.</span> <span class='ocrx_word' id='word_1_47' title='bbox 2213 630 2337 689; x_wconf 78' lang='lat'>1683</span> 
     </span>
     <span class='ocr_line' id='line_1_7' title="bbox 165 702 2340 772; baseline -0.003 -16"><span class='ocrx_word' id='word_1_48' title='bbox 165 706 358 771; x_wconf 82' lang='lat' dir='ltr'>Migne,</span> <span class='ocrx_word' id='word_1_49' title='bbox 389 722 438 772; x_wconf 92' lang='lat' dir='ltr'>p.</span> <span class='ocrx_word' id='word_1_50' title='bbox 479 706 853 771; x_wconf 82' lang='lat'>1247—1248,</span> <span class='ocrx_word' id='word_1_51' title='bbox 886 705 985 753; x_wconf 81' lang='lat' dir='ltr'>No,</span> <span class='ocrx_word' id='word_1_52' title='bbox 1028 704 1157 767; x_wconf 79' lang='lat'>168).</span> <span class='ocrx_word' id='word_1_53' title='bbox 2226 702 2340 751; x_wconf 84' lang='lat'>543</span> 
     </span>
    </p>

    <p class='ocr_par' dir='ltr' id='par_1_3' title="bbox 164 791 2347 1530">
     <span class='ocr_line' id='line_1_8' title="bbox 268 791 2340 860; baseline 0 -19"><span class='ocrx_word' id='word_1_54' title='bbox 268 792 289 841; x_wconf 92' lang='grc'>1</span> <span class='ocrx_word' id='word_1_55' title='bbox 307 791 413 841; x_wconf 94' lang='grc'>177</span> <span class='ocrx_word' id='word_1_56' title='bbox 446 794 582 860; x_wconf 86' lang='lat' dir='ltr'>Sept.</span> <span class='ocrx_word' id='word_1_57' title='bbox 599 811 681 847; x_wconf 88' lang='lat'>27.</span> <span class='ocrx_word' id='word_1_58' title='bbox 702 792 962 843; x_wconf 91' lang='lat' dir='ltr'>Venetiae.</span> <span class='ocrx_word' id='word_1_59' title='bbox 979 821 1049 826; x_wconf 84' lang='lat'>—</span> <span class='ocrx_word' id='word_1_60' title='bbox 1066 792 1354 841; x_wconf 88' lang='lat' dir='ltr'>Alexander</span> <span class='ocrx_word' id='word_1_61' title='bbox 1367 792 1430 841; x_wconf 95' lang='grc' dir='ltr'>ΙΙΙ</span> <span class='ocrx_word' id='word_1_62' title='bbox 1444 793 1467 841; x_wconf 94' lang='lat' dir='ltr'>J</span> <span class='ocrx_word' id='word_1_63' title='bbox 1472 792 1685 856; x_wconf 84' lang='lat' dir='ltr'>ohanni,</span> <span class='ocrx_word' id='word_1_64' title='bbox 1698 792 1805 857; x_wconf 82' lang='lat' dir='ltr'>regi</span> <span class='ocrx_word' id='word_1_65' title='bbox 1823 793 2087 857; x_wconf 89' lang='lat' dir='ltr'>Indorum,</span> <span class='ocrx_word' id='word_1_66' title='bbox 2103 793 2134 855; x_wconf 82' lang='grc'>1)</span> <span class='ocrx_word' id='word_1_67' title='bbox 2153 793 2340 856; x_wconf 87' lang='lat' dir='ltr'>scribit,</span> 
     </span>
     <span class='ocr_line' id='line_1_9' title="bbox 164 866 2341 933; baseline -0.002 -15"><span class='ocrx_word' id='word_1_68' title='bbox 164 886 217 918; x_wconf 91' lang='lat' dir='ltr'>se</span> <span class='ocrx_word' id='word_1_69' title='bbox 258 867 357 932; x_wconf 87' lang='lat' dir='ltr'>jam</span> <span class='ocrx_word' id='word_1_70' title='bbox 398 868 487 918; x_wconf 92' lang='lat' dir='ltr'>diu</span> <span class='ocrx_word' id='word_1_71' title='bbox 528 868 740 933; x_wconf 91' lang='lat' dir='ltr'>quidem</span> <span class='ocrx_word' id='word_1_72' title='bbox 791 867 1062 929; x_wconf 86' lang='lat' dir='ltr'>audivisse,</span> <span class='ocrx_word' id='word_1_73' title='bbox 1104 866 1277 932; x_wconf 90' lang='lat' dir='ltr'>ipsum</span> <span class='ocrx_word' id='word_1_74' title='bbox 1315 866 1483 931; x_wconf 83' lang='lat' dir='ltr'>Iegem</span> <span class='ocrx_word' id='word_1_75' title='bbox 1525 866 1853 915; x_wconf 87' lang='lat' dir='ltr'>christianam</span> <span class='ocrx_word' id='word_1_76' title='bbox 1895 867 2058 932; x_wconf 83' lang='lat' dir='ltr'>sequi,</span> <span class='ocrx_word' id='word_1_77' title='bbox 2101 867 2189 916; x_wconf 92' lang='lat' dir='ltr'>sed</span> <span class='ocrx_word' id='word_1_78' title='bbox 2230 880 2341 916; x_wconf 88' lang='lat' dir='ltr'>tum</span> 
     </span>
     <span class='ocr_line' id='line_1_10' title="bbox 166 941 2342 1009; baseline -0.001 -17"><span class='ocrx_word' id='word_1_79' title='bbox 166 944 380 992; x_wconf 90' lang='lat' dir='ltr'>demum</span> <span class='ocrx_word' id='word_1_80' title='bbox 399 943 626 1009; x_wconf 88' lang='lat' dir='ltr'>primum</span> <span class='ocrx_word' id='word_1_81' title='bbox 645 941 944 1006; x_wconf 83' lang='lat' dir='ltr'>magistrum</span> <span class='ocrx_word' id='word_1_82' title='bbox 963 941 1279 1006; x_wconf 87' lang='lat' dir='ltr'>Philippum,</span> <span class='ocrx_word' id='word_1_83' title='bbox 1301 941 1564 990; x_wconf 89' lang='lat' dir='ltr'>medicum</span> <span class='ocrx_word' id='word_1_84' title='bbox 1590 953 1637 989; x_wconf 88' lang='lat' dir='ltr'>et</span> <span class='ocrx_word' id='word_1_85' title='bbox 1663 941 1963 990; x_wconf 88' lang='lat' dir='ltr'>familiarem</span> <span class='ocrx_word' id='word_1_86' title='bbox 1991 957 2164 1005; x_wconf 91' lang='lat' dir='ltr'>suum,</span> <span class='ocrx_word' id='word_1_87' title='bbox 2195 942 2342 991; x_wconf 88' lang='lat' dir='ltr'>detu—</span> 
     </span>
     <span class='ocr_line' id='line_1_11' title="bbox 164 1014 2343 1082; baseline -0 -16"><span class='ocrx_word' id='word_1_88' title='bbox 164 1017 299 1082; x_wconf 88' lang='lat' dir='ltr'>lisse,</span> <span class='ocrx_word' id='word_1_89' title='bbox 340 1033 458 1066; x_wconf 89' lang='lat' dir='ltr'>eum</span> <span class='ocrx_word' id='word_1_90' title='bbox 501 1016 602 1066; x_wconf 91' lang='lat' dir='ltr'>fide</span> <span class='ocrx_word' id='word_1_91' title='bbox 631 1016 875 1066; x_wconf 88' lang='lat' dir='ltr'>catholica</span> <span class='ocrx_word' id='word_1_92' title='bbox 904 1029 951 1064; x_wconf 90' lang='lat' dir='ltr'>et</span> <span class='ocrx_word' id='word_1_93' title='bbox 978 1015 1255 1082; x_wconf 91' lang='lat' dir='ltr'>apostolica</span> <span class='ocrx_word' id='word_1_94' title='bbox 1284 1014 1551 1082; x_wconf 90' lang='lat' dir='ltr'>disciplina</span> <span class='ocrx_word' id='word_1_95' title='bbox 1592 1015 1782 1064; x_wconf 91' lang='lat' dir='ltr'>erudiri</span> <span class='ocrx_word' id='word_1_96' title='bbox 1815 1015 1960 1079; x_wconf 89' lang='lat' dir='ltr'>velle,</span> <span class='ocrx_word' id='word_1_97' title='bbox 2006 1015 2175 1080; x_wconf 89' lang='lat' dir='ltr'>itaque</span> <span class='ocrx_word' id='word_1_98' title='bbox 2214 1033 2343 1065; x_wconf 91' lang='lat' dir='ltr'>eun—</span> 
     </span>
     <span class='ocr_line' id='line_1_12' title="bbox 166 1090 2343 1158; baseline -0.001 -17"><span class='ocrx_word' id='word_1_99' title='bbox 166 1092 285 1141; x_wconf 90' lang='lat' dir='ltr'>dem</span> <span class='ocrx_word' id='word_1_100' title='bbox 315 1091 616 1158; x_wconf 84' lang='lat' dir='ltr'>Philippum</span> <span class='ocrx_word' id='word_1_101' title='bbox 643 1091 849 1140; x_wconf 89' lang='lat' dir='ltr'>remittit</span> <span class='ocrx_word' id='word_1_102' title='bbox 877 1090 1047 1156; x_wconf 91' lang='lat' dir='ltr'>ipsum</span> <span class='ocrx_word' id='word_1_103' title='bbox 1077 1105 1249 1138; x_wconf 88' lang='lat' dir='ltr'>veram</span> <span class='ocrx_word' id='word_1_104' title='bbox 1277 1090 1583 1154; x_wconf 78' lang='lat' dir='ltr'>religionem</span> <span class='ocrx_word' id='word_1_105' title='bbox 1612 1090 1939 1139; x_wconf 88' lang='lat' dir='ltr'>christianam</span> <span class='ocrx_word' id='word_1_106' title='bbox 1968 1090 2343 1139; x_wconf 90' lang='lat' dir='ltr'>accuratissime</span> 
     </span>
     <span class='ocr_line' id='line_1_13' title="bbox 166 1164 2342 1231; baseline -0.001 -16"><span class='ocrx_word' id='word_1_107' title='bbox 166 1167 445 1215; x_wconf 88' lang='lat' dir='ltr'>docturum</span> <span class='ocrx_word' id='word_1_108' title='bbox 475 1164 985 1227; x_wconf 74' lang='lat' dir='ltr'>(Jaffe-Lowenfeld,</span> <span class='ocrx_word' id='word_1_109' title='bbox 1028 1166 1128 1213; x_wconf 80' lang='lat' dir='ltr'>No,</span> <span class='ocrx_word' id='word_1_110' title='bbox 1170 1181 1227 1213; x_wconf 86' lang='lat'>12</span> <span class='ocrx_word' id='word_1_111' title='bbox 1247 1180 1380 1229; x_wconf 81' lang='lat'>942;</span> <span class='ocrx_word' id='word_1_112' title='bbox 1425 1165 1486 1213; x_wconf 94' lang='lat' dir='ltr'>cf.</span> <span class='ocrx_word' id='word_1_113' title='bbox 1517 1165 1670 1231; x_wconf 92' lang='lat' dir='ltr'>Heyd</span> <span class='ocrx_word' id='word_1_114' title='bbox 1699 1164 1748 1213; x_wconf 92' lang='lat' dir='ltr'>in</span> <span class='ocrx_word' id='word_1_115' title='bbox 1779 1164 2023 1214; x_wconf 91' lang='lat' dir='ltr'>Zeitschr.</span> <span class='ocrx_word' id='word_1_116' title='bbox 2056 1164 2137 1213; x_wconf 80' lang='lat' dir='ltr'>fur</span> <span class='ocrx_word' id='word_1_117' title='bbox 2165 1164 2342 1214; x_wconf 89' lang='lat' dir='ltr'>histor.</span> 
     </span>
     <span class='ocr_line' id='line_1_14' title="bbox 166 1238 2345 1306; baseline -0.001 -17"><span class='ocrx_word' id='word_1_118' title='bbox 166 1240 352 1290; x_wconf 88' lang='lat' dir='ltr'>Theol.</span> <span class='ocrx_word' id='word_1_119' title='bbox 395 1241 544 1305; x_wconf 87' lang='grc'>1858,</span> <span class='ocrx_word' id='word_1_120' title='bbox 577 1257 624 1306; x_wconf 91' lang='lat' dir='ltr'>p.</span> <span class='ocrx_word' id='word_1_121' title='bbox 660 1241 789 1299; x_wconf 79' lang='lat'>2623</span> <span class='ocrx_word' id='word_1_122' title='bbox 833 1239 1074 1303; x_wconf 86' lang='lat' dir='ltr'>Zarncke,</span> <span class='ocrx_word' id='word_1_123' title='bbox 1104 1240 1180 1288; x_wconf 92' lang='lat' dir='ltr'>De</span> <span class='ocrx_word' id='word_1_124' title='bbox 1211 1238 1425 1304; x_wconf 92' lang='lat' dir='ltr'>epistola</span> <span class='ocrx_word' id='word_1_125' title='bbox 1454 1239 1733 1288; x_wconf 85' lang='lat' dir='ltr'>Alexandri</span> <span class='ocrx_word' id='word_1_126' title='bbox 1761 1255 1922 1305; x_wconf 88' lang='lat' dir='ltr'>papae</span> <span class='ocrx_word' id='word_1_127' title='bbox 1952 1238 2014 1287; x_wconf 95' lang='grc' dir='ltr'>ΙΙΙ</span> <span class='ocrx_word' id='word_1_128' title='bbox 2042 1239 2106 1287; x_wconf 87' lang='grc'>311</span> <span class='ocrx_word' id='word_1_129' title='bbox 2135 1240 2345 1304; x_wconf 89' lang='lat' dir='ltr'>presby-</span> 
     </span>
     <span class='ocr_line' id='line_1_15' title="bbox 166 1313 2343 1380; baseline -0.001 -16"><span class='ocrx_word' id='word_1_130' title='bbox 166 1328 335 1364; x_wconf 91' lang='lat' dir='ltr'>terum</span> <span class='ocrx_word' id='word_1_131' title='bbox 353 1315 662 1378; x_wconf 90' lang='lat' dir='ltr'>Johannem,</span> <span class='ocrx_word' id='word_1_132' title='bbox 692 1313 892 1380; x_wconf 88' lang='lat' dir='ltr'>Lipsiae</span> <span class='ocrx_word' id='word_1_133' title='bbox 922 1315 1074 1378; x_wconf 82' lang='lat'>1875,</span> <span class='ocrx_word' id='word_1_134' title='bbox 1109 1331 1173 1363; x_wconf 85' lang='lat'>20</span> <span class='ocrx_word' id='word_1_135' title='bbox 1193 1330 1296 1379; x_wconf 89' lang='lat' dir='ltr'>pp.,</span> <span class='ocrx_word' id='word_1_136' title='bbox 1322 1315 1385 1378; x_wconf 83' lang='lat'>40</span> <span class='ocrx_word' id='word_1_137' title='bbox 1414 1326 1461 1362; x_wconf 93' lang='lat' dir='ltr'>et</span> <span class='ocrx_word' id='word_1_138' title='bbox 1490 1314 1593 1362; x_wconf 91' lang='lat' dir='ltr'>Der</span> <span class='ocrx_word' id='word_1_139' title='bbox 1620 1313 1837 1363; x_wconf 86' lang='lat' dir='ltr'>Priester</span> <span class='ocrx_word' id='word_1_140' title='bbox 1853 1313 2116 1362; x_wconf 90' lang='lat' dir='ltr'>Johannes</span> <span class='ocrx_word' id='word_1_141' title='bbox 2135 1313 2188 1361; x_wconf 92' lang='lat' dir='ltr'>in</span> <span class='ocrx_word' id='word_1_142' title='bbox 2208 1314 2343 1362; x_wconf 90' lang='lat' dir='ltr'>Abh.</span> 
     </span>
     <span class='ocr_line' id='line_1_16' title="bbox 169 1387 2343 1454; baseline -0.001 -15"><span class='ocrx_word' id='word_1_143' title='bbox 169 1390 218 1439; x_wconf 93' lang='lat' dir='ltr'>d.</span> <span class='ocrx_word' id='word_1_144' title='bbox 248 1389 458 1453; x_wconf 73' lang='lat' dir='ltr'>Konigl.</span> <span class='ocrx_word' id='word_1_145' title='bbox 499 1389 661 1438; x_wconf 83' lang='lat' dir='ltr'>s&#39;achs.</span> <span class='ocrx_word' id='word_1_146' title='bbox 698 1387 980 1438; x_wconf 90' lang='lat' dir='ltr'>Gesellsch.</span> <span class='ocrx_word' id='word_1_147' title='bbox 1012 1389 1060 1437; x_wconf 92' lang='lat' dir='ltr'>d.</span> <span class='ocrx_word' id='word_1_148' title='bbox 1092 1388 1412 1437; x_wconf 90' lang='lat' dir='ltr'>Wissensch.</span> <span class='ocrx_word' id='word_1_149' title='bbox 1455 1389 1605 1452; x_wconf 83' lang='lat'>1879,</span> <span class='ocrx_word' id='word_1_150' title='bbox 1636 1388 1790 1453; x_wconf 84' lang='lat' dir='ltr'>XVII,</span> <span class='ocrx_word' id='word_1_151' title='bbox 1836 1404 1884 1454; x_wconf 88' lang='lat' dir='ltr'>p.</span> <span class='ocrx_word' id='word_1_152' title='bbox 1918 1404 2238 1452; x_wconf 78' lang='lat'>935—9443</span> <span class='ocrx_word' id='word_1_153' title='bbox 2283 1388 2343 1436; x_wconf 89' lang='lat' dir='ltr'>cf.</span> 
     </span>
     <span class='ocr_line' id='line_1_17' title="bbox 168 1459 2347 1530; baseline -0.002 -1"><span class='ocrx_word' id='word_1_154' title='bbox 168 1480 217 1530; x_wconf 81' lang='lat' dir='ltr'>p·</span> <span class='ocrx_word' id='word_1_155' title='bbox 249 1464 575 1528; x_wconf 82' lang='lat'><strong>945—946)·</strong></span> <span class='ocrx_word' id='word_1_156' title='bbox 2231 1459 2347 1508; x_wconf 82' lang='lat'>544</span> 
     </span>
    </p>

    <p class='ocr_par' dir='ltr' id='par_1_4' title="bbox 170 1545 2346 1665">
     <span class='ocr_line' id='line_1_18' title="bbox 294 1545 2346 1604; baseline 0 -14"><span class='ocrx_word' id='word_1_157' title='bbox 294 1549 326 1601; x_wconf 92' lang='lat'>¹)</span> <span class='ocrx_word' id='word_1_158' title='bbox 358 1546 514 1591; x_wconf 85' lang='lat' dir='ltr'>Aliam</span> <span class='ocrx_word' id='word_1_159' title='bbox 552 1546 802 1604; x_wconf 89' lang='lat' dir='ltr'>epistolam</span> <span class='ocrx_word' id='word_1_160' title='bbox 837 1546 1107 1591; x_wconf 82' lang='lat' dir='ltr'>Alexander</span> <span class='ocrx_word' id='word_1_161' title='bbox 1128 1547 1183 1590; x_wconf 95' lang='lat' dir='ltr'>III</span> <span class='ocrx_word' id='word_1_162' title='bbox 1208 1547 1267 1591; x_wconf 89' lang='lat' dir='ltr'>ad</span> <span class='ocrx_word' id='word_1_163' title='bbox 1290 1546 1546 1591; x_wconf 87' lang='lat' dir='ltr'>soldanum</span> <span class='ocrx_word' id='word_1_164' title='bbox 1569 1545 1729 1602; x_wconf 90' lang='lat' dir='ltr'>Iconii,</span> <span class='ocrx_word' id='word_1_165' title='bbox 1765 1545 1846 1604; x_wconf 86' lang='lat' dir='ltr'>qui</span> <span class='ocrx_word' id='word_1_166' title='bbox 1868 1545 2041 1589; x_wconf 88' lang='lat' dir='ltr'>nuntiis</span> <span class='ocrx_word' id='word_1_167' title='bbox 2066 1557 2112 1590; x_wconf 92' lang='lat' dir='ltr'>et</span> <span class='ocrx_word' id='word_1_168' title='bbox 2137 1545 2346 1603; x_wconf 88' lang='lat' dir='ltr'>epistolis</span> 
     </span>
     <span class='ocr_line' id='line_1_19' title="bbox 170 1605 2346 1665; baseline -0 -15"><span class='ocrx_word' id='word_1_169' title='bbox 170 1605 551 1661; x_wconf 88' lang='lat' dir='ltr'>confirmaverat,</span> <span class='ocrx_word' id='word_1_170' title='bbox 574 1620 624 1650; x_wconf 88' lang='lat' dir='ltr'>se</span> <span class='ocrx_word' id='word_1_171' title='bbox 649 1606 953 1650; x_wconf 87' lang='lat' dir='ltr'>christianam</span> <span class='ocrx_word' id='word_1_172' title='bbox 976 1605 1256 1665; x_wconf 82' lang='lat' dir='ltr'>religionem</span> <span class='ocrx_word' id='word_1_173' title='bbox 1275 1605 1501 1664; x_wconf 88' lang='lat' dir='ltr'>profiteri,</span> <span class='ocrx_word' id='word_1_174' title='bbox 1521 1605 1744 1650; x_wconf 81' lang='lat' dir='ltr'>direxisse</span> <span class='ocrx_word' id='word_1_175' title='bbox 1768 1605 1917 1650; x_wconf 89' lang='lat' dir='ltr'>fertur</span> <span class='ocrx_word' id='word_1_176' title='bbox 1940 1620 2050 1649; x_wconf 91' lang='lat' dir='ltr'>eum</span> <span class='ocrx_word' id='word_1_177' title='bbox 2074 1607 2133 1649; x_wconf 87' lang='lat' dir='ltr'>ad</span> <span class='ocrx_word' id='word_1_178' title='bbox 2157 1606 2346 1662; x_wconf 88' lang='lat' dir='ltr'>plenam</span> 
     </span>
    </p>
   </div>
   <div class='ocr_carea' id='block_1_3' title="bbox 170 1665 2347 1784">
    <p class='ocr_par' dir='ltr' id='par_1_5' title="bbox 170 1665 2347 1784">
     <span class='ocr_line' id='line_1_20' title="bbox 170 1665 2347 1724; baseline -0.001 -14"><span class='ocrx_word' id='word_1_179' title='bbox 170 1665 499 1724; x_wconf 86' lang='lat' dir='ltr'>cognitionem</span> <span class='ocrx_word' id='word_1_180' title='bbox 522 1679 661 1710; x_wconf 89' lang='lat' dir='ltr'>verae</span> <span class='ocrx_word' id='word_1_181' title='bbox 684 1665 795 1710; x_wconf 90' lang='lat' dir='ltr'>fidei</span> <span class='ocrx_word' id='word_1_182' title='bbox 819 1666 1079 1710; x_wconf 86' lang='lat' dir='ltr'>catholicae</span> <span class='ocrx_word' id='word_1_183' title='bbox 1103 1667 1395 1710; x_wconf 87' lang='lat' dir='ltr'>adducturus</span> <span class='ocrx_word' id='word_1_184' title='bbox 1420 1665 1565 1722; x_wconf 73' lang='lat' dir='ltr'>(Petri</span> <span class='ocrx_word' id='word_1_185' title='bbox 1590 1665 1826 1710; x_wconf 86' lang='lat' dir='ltr'>Blesensis</span> <span class='ocrx_word' id='word_1_186' title='bbox 1853 1666 2013 1723; x_wconf 89' lang='lat' dir='ltr'>Opera</span> <span class='ocrx_word' id='word_1_187' title='bbox 2045 1666 2116 1709; x_wconf 89' lang='lat' dir='ltr'>ed.</span> <span class='ocrx_word' id='word_1_188' title='bbox 2146 1665 2272 1709; x_wconf 90' lang='lat' dir='ltr'>Giles</span> <span class='ocrx_word' id='word_1_189' title='bbox 2296 1666 2347 1722; x_wconf 93' lang='lat' dir='ltr'>II,</span> 
     </span>
     <span class='ocr_line' id='line_1_21' title="bbox 170 1724 2273 1784; baseline -0.001 -14"><span class='ocrx_word' id='word_1_190' title='bbox 170 1726 374 1784; x_wconf 86' lang='lat' dir='ltr'>append.</span> <span class='ocrx_word' id='word_1_191' title='bbox 398 1725 766 1783; x_wconf 79' lang='lat' dir='ltr'>XXI—XXX113</span> <span class='ocrx_word' id='word_1_192' title='bbox 801 1725 859 1770; x_wconf 91' lang='lat' dir='ltr'>cf.</span> <span class='ocrx_word' id='word_1_193' title='bbox 884 1725 1114 1770; x_wconf 76' lang='lat' dir='ltr'>Rohricht</span> <span class='ocrx_word' id='word_1_194' title='bbox 1135 1725 1182 1769; x_wconf 92' lang='lat' dir='ltr'>in</span> <span class='ocrx_word' id='word_1_195' title='bbox 1205 1725 1375 1771; x_wconf 90' lang='lat' dir='ltr'>Theol.</span> <span class='ocrx_word' id='word_1_196' title='bbox 1401 1724 1602 1769; x_wconf 86' lang='lat' dir='ltr'>Studien</span> <span class='ocrx_word' id='word_1_197' title='bbox 1625 1741 1669 1769; x_wconf 92' lang='lat' dir='ltr'>u.</span> <span class='ocrx_word' id='word_1_198' title='bbox 1693 1725 1908 1769; x_wconf 82' lang='lat' dir='ltr'>Kritiken</span> <span class='ocrx_word' id='word_1_199' title='bbox 1939 1725 2062 1783; x_wconf 90' lang='grc'>1891,</span> <span class='ocrx_word' id='word_1_200' title='bbox 2086 1739 2127 1782; x_wconf 89' lang='lat' dir='ltr'>p.</span> <span class='ocrx_word' id='word_1_201' title='bbox 2155 1726 2273 1783; x_wconf 79' lang='grc'>360).</span> 
     </span>
    </p>
   </div>
   <div class='ocr_carea' id='block_1_4' title="bbox 169 1819 2353 2706">
    <p class='ocr_par' dir='ltr' id='par_1_6' title="bbox 169 1819 2353 2706">
     <span class='ocr_line' id='line_1_22' title="bbox 307 1819 2346 1886; baseline 0 -18"><span class='ocrx_word' id='word_1_202' title='bbox 307 1856 338 1881; x_wconf 88' lang='grc'>,,</span> <span class='ocrx_word' id='word_1_203' title='bbox 418 1819 775 1885; x_wconf 58' lang='lat' dir='ltr'>(Sept—Dec.</span> <span class='ocrx_word' id='word_1_204' title='bbox 800 1820 901 1884; x_wconf 89' lang='grc'>31),</span> <span class='ocrx_word' id='word_1_205' title='bbox 932 1820 1038 1869; x_wconf 89' lang='lat' dir='ltr'>ind.</span> <span class='ocrx_word' id='word_1_206' title='bbox 1067 1820 1135 1868; x_wconf 88' lang='lat' dir='ltr'>XI</span> <span class='ocrx_word' id='word_1_207' title='bbox 1165 1819 1278 1884; x_wconf 85' lang='lat' dir='ltr'>(leg.</span> <span class='ocrx_word' id='word_1_208' title='bbox 1309 1820 1387 1882; x_wconf 87' lang='lat' dir='ltr'>X).</span> <span class='ocrx_word' id='word_1_209' title='bbox 1424 1819 1818 1886; x_wconf 88' lang='lat' dir='ltr'>Hierosolymis.</span> <span class='ocrx_word' id='word_1_210' title='bbox 1849 1849 1919 1853; x_wconf 97' lang='lat'><strong>—</strong></span> <span class='ocrx_word' id='word_1_211' title='bbox 1948 1820 2233 1869; x_wconf 85' lang='lat' dir='ltr'>Balduinus</span> <span class='ocrx_word' id='word_1_212' title='bbox 2263 1820 2346 1883; x_wconf 94' lang='lat' dir='ltr'>IV,</span> 
     </span>
     <span class='ocr_line' id='line_1_23' title="bbox 171 1893 2349 1960; baseline -0 -17"><span class='ocrx_word' id='word_1_213' title='bbox 171 1910 256 1943; x_wconf 93' lang='lat' dir='ltr'>rex</span> <span class='ocrx_word' id='word_1_214' title='bbox 276 1893 797 1960; x_wconf 89' lang='lat' dir='ltr'>Hierosolymitanus,</span> <span class='ocrx_word' id='word_1_215' title='bbox 817 1909 1077 1943; x_wconf 90' lang='lat' dir='ltr'>consensu</span> <span class='ocrx_word' id='word_1_216' title='bbox 1095 1894 1353 1957; x_wconf 85' lang='lat' dir='ltr'>Balduini,</span> <span class='ocrx_word' id='word_1_217' title='bbox 1375 1894 1576 1943; x_wconf 89' lang='lat' dir='ltr'>domini</span> <span class='ocrx_word' id='word_1_218' title='bbox 1596 1894 1934 1957; x_wconf 89' lang='lat' dir='ltr'>Ramatensis,</span> <span class='ocrx_word' id='word_1_219' title='bbox 1954 1894 2167 1958; x_wconf 85' lang='lat' dir='ltr'>Baliani,</span> <span class='ocrx_word' id='word_1_220' title='bbox 2188 1894 2349 1943; x_wconf 87' lang='lat' dir='ltr'>fratris</span> 
     </span>
     <span class='ocr_line' id='line_1_24' title="bbox 171 1966 2350 2034; baseline 0 -17"><span class='ocrx_word' id='word_1_221' title='bbox 171 1966 297 2032; x_wconf 87' lang='lat' dir='ltr'>ejus,</span> <span class='ocrx_word' id='word_1_222' title='bbox 328 1968 574 2017; x_wconf 86' lang='lat' dir='ltr'>Eschivae</span> <span class='ocrx_word' id='word_1_223' title='bbox 602 1980 651 2017; x_wconf 92' lang='lat' dir='ltr'>et</span> <span class='ocrx_word' id='word_1_224' title='bbox 680 1968 986 2034; x_wconf 88' lang='lat' dir='ltr'>Stephaniae</span> <span class='ocrx_word' id='word_1_225' title='bbox 1024 1968 1263 2033; x_wconf 85' lang='lat' dir='ltr'>filiarum,</span> <span class='ocrx_word' id='word_1_226' title='bbox 1295 1968 1646 2033; x_wconf 88' lang='lat' dir='ltr'>Constantiae,</span> <span class='ocrx_word' id='word_1_227' title='bbox 1676 1968 1841 2018; x_wconf 92' lang='lat' dir='ltr'>sorori</span> <span class='ocrx_word' id='word_1_228' title='bbox 1870 1969 2000 2034; x_wconf 86' lang='lat' dir='ltr'>regis</span> <span class='ocrx_word' id='word_1_229' title='bbox 2030 1969 2069 2018; x_wconf 92' lang='lat' dir='ltr'>F</span> <span class='ocrx_word' id='word_1_230' title='bbox 2073 1969 2274 2018; x_wconf 91' lang='lat' dir='ltr'>ranciae</span> <span class='ocrx_word' id='word_1_231' title='bbox 2303 1982 2350 2018; x_wconf 91' lang='lat' dir='ltr'>et</span> 
     </span>
     <span class='ocr_line' id='line_1_25' title="bbox 170 2042 2349 2108; baseline 0 -16"><span class='ocrx_word' id='word_1_232' title='bbox 170 2043 218 2095; x_wconf 89' lang='lat' dir='ltr'>S.</span> <span class='ocrx_word' id='word_1_233' title='bbox 245 2042 415 2107; x_wconf 87' lang='lat' dir='ltr'>Egidii</span> <span class='ocrx_word' id='word_1_234' title='bbox 443 2042 745 2106; x_wconf 88' lang='lat' dir='ltr'>comitissae,</span> <span class='ocrx_word' id='word_1_235' title='bbox 783 2043 1163 2107; x_wconf 85' lang='lat' dir='ltr'>scribanagium</span> <span class='ocrx_word' id='word_1_236' title='bbox 1199 2043 1484 2092; x_wconf 87' lang='lat' dir='ltr'>Bethduras</span> <span class='ocrx_word' id='word_1_237' title='bbox 1525 2043 1699 2092; x_wconf 88' lang='lat' dir='ltr'>casalis</span> <span class='ocrx_word' id='word_1_238' title='bbox 1738 2061 1766 2092; x_wconf 89' lang='lat' dir='ltr'>a</span> <span class='ocrx_word' id='word_1_239' title='bbox 1794 2043 2023 2108; x_wconf 82' lang='lat' dir='ltr'>Georgio</span> <span class='ocrx_word' id='word_1_240' title='bbox 2053 2044 2115 2092; x_wconf 94' lang='lat' dir='ltr'>de</span> <span class='ocrx_word' id='word_1_241' title='bbox 2146 2043 2349 2092; x_wconf 84' lang='lat' dir='ltr'>Betheri</span> 
     </span>
     <span class='ocr_line' id='line_1_26' title="bbox 170 2109 2351 2184; baseline -0 -17"><span class='ocrx_word' id='word_1_242' title='bbox 170 2109 306 2167; x_wconf 83' lang='lat' dir='ltr'>CCL</span> <span class='ocrx_word' id='word_1_243' title='bbox 349 2117 576 2166; x_wconf 85' lang='lat' dir='ltr'>bisantiis</span> <span class='ocrx_word' id='word_1_244' title='bbox 617 2118 890 2167; x_wconf 88' lang='lat' dir='ltr'>venditum</span> <span class='ocrx_word' id='word_1_245' title='bbox 929 2117 1096 2182; x_wconf 82' lang='lat' dir='ltr'>sigillo</span> <span class='ocrx_word' id='word_1_246' title='bbox 1141 2117 1424 2167; x_wconf 88' lang='lat' dir='ltr'>confirmat.</span> <span class='ocrx_word' id='word_1_247' title='bbox 1466 2146 1538 2152; x_wconf 89' lang='lat'>—</span> <span class='ocrx_word' id='word_1_248' title='bbox 1573 2117 1889 2182; x_wconf 87' lang='lat' dir='ltr'>Willelmus,</span> <span class='ocrx_word' id='word_1_249' title='bbox 1935 2118 2351 2184; x_wconf 88' lang='lat' dir='ltr'>archiepiscopus</span> 
     </span>
     <span class='ocr_line' id='line_1_27' title="bbox 169 2191 2351 2259; baseline 0 -18"><span class='ocrx_word' id='word_1_250' title='bbox 169 2191 454 2258; x_wconf 89' lang='lat' dir='ltr'>Tyriensis,</span> <span class='ocrx_word' id='word_1_251' title='bbox 473 2192 792 2256; x_wconf 86' lang='lat' dir='ltr'>Reginaldus</span> <span class='ocrx_word' id='word_1_252' title='bbox 822 2193 1078 2259; x_wconf 91' lang='lat' dir='ltr'>princeps,</span> <span class='ocrx_word' id='word_1_253' title='bbox 1097 2193 1120 2241; x_wconf 91' lang='lat' dir='ltr'>J</span> <span class='ocrx_word' id='word_1_254' title='bbox 1126 2191 1385 2242; x_wconf 92' lang='lat' dir='ltr'>oscelinus</span> <span class='ocrx_word' id='word_1_255' title='bbox 1415 2193 1476 2242; x_wconf 93' lang='lat' dir='ltr'>de</span> <span class='ocrx_word' id='word_1_256' title='bbox 1497 2192 1851 2256; x_wconf 88' lang='lat' dir='ltr'>Semmosach,</span> <span class='ocrx_word' id='word_1_257' title='bbox 1872 2192 2176 2242; x_wconf 89' lang='lat' dir='ltr'>castellanus</span> <span class='ocrx_word' id='word_1_258' title='bbox 2199 2197 2351 2242; x_wconf 88' lang='lat' dir='ltr'>Asca-</span> 
     </span>
     <span class='ocr_line' id='line_1_28' title="bbox 170 2266 2350 2331; baseline 0 -16"><span class='ocrx_word' id='word_1_259' title='bbox 170 2266 419 2330; x_wconf 90' lang='lat' dir='ltr'>lonensis,</span> <span class='ocrx_word' id='word_1_260' title='bbox 449 2266 761 2331; x_wconf 89' lang='lat' dir='ltr'>Bulduinus,</span> <span class='ocrx_word' id='word_1_261' title='bbox 793 2267 940 2316; x_wconf 89' lang='lat' dir='ltr'>frater</span> <span class='ocrx_word' id='word_1_262' title='bbox 969 2266 1092 2331; x_wconf 74' lang='lat' dir='ltr'>erS,</span> <span class='ocrx_word' id='word_1_263' title='bbox 1124 2267 1420 2316; x_wconf 87' lang='lat' dir='ltr'>Willelmus</span> <span class='ocrx_word' id='word_1_264' title='bbox 1450 2268 1512 2316; x_wconf 92' lang='lat' dir='ltr'>de</span> <span class='ocrx_word' id='word_1_265' title='bbox 1542 2269 1693 2317; x_wconf 90' lang='lat' dir='ltr'>Mont</span> <span class='ocrx_word' id='word_1_266' title='bbox 1720 2267 1951 2331; x_wconf 89' lang='lat' dir='ltr'>Corneit,</span> <span class='ocrx_word' id='word_1_267' title='bbox 1982 2267 2259 2317; x_wconf 88' lang='lat' dir='ltr'>Rohardus</span> <span class='ocrx_word' id='word_1_268' title='bbox 2289 2268 2350 2316; x_wconf 91' lang='lat' dir='ltr'>de</span> 
     </span>
     <span class='ocr_line' id='line_1_29' title="bbox 172 2341 2352 2407; baseline 0 -17"><span class='ocrx_word' id='word_1_269' title='bbox 172 2341 222 2390; x_wconf 89' lang='lat' dir='ltr'>S.</span> <span class='ocrx_word' id='word_1_270' title='bbox 253 2341 531 2405; x_wconf 89' lang='lat' dir='ltr'>Abraham,</span> <span class='ocrx_word' id='word_1_271' title='bbox 573 2341 833 2391; x_wconf 88' lang='lat' dir='ltr'>Robertus</span> <span class='ocrx_word' id='word_1_272' title='bbox 874 2342 935 2390; x_wconf 92' lang='lat' dir='ltr'>de</span> <span class='ocrx_word' id='word_1_273' title='bbox 975 2341 1272 2407; x_wconf 86' lang='lat' dir='ltr'>Pinquigni,</span> <span class='ocrx_word' id='word_1_274' title='bbox 1315 2342 1598 2392; x_wconf 89' lang='lat' dir='ltr'>Gaufridus</span> <span class='ocrx_word' id='word_1_275' title='bbox 1639 2341 1982 2392; x_wconf 91' lang='lat' dir='ltr'>Turonensis.</span> <span class='ocrx_word' id='word_1_276' title='bbox 2037 2342 2228 2391; x_wconf 89' lang='lat' dir='ltr'>Datum</span> <span class='ocrx_word' id='word_1_277' title='bbox 2262 2358 2352 2407; x_wconf 92' lang='lat' dir='ltr'>per</span> 
     </span>
     <span class='ocr_line' id='line_1_30' title="bbox 172 2415 2349 2482; baseline 0 -18"><span class='ocrx_word' id='word_1_278' title='bbox 172 2431 388 2464; x_wconf 88' lang='lat' dir='ltr'>manum</span> <span class='ocrx_word' id='word_1_279' title='bbox 406 2415 514 2478; x_wconf 89' lang='lat' dir='ltr'>W.,</span> <span class='ocrx_word' id='word_1_280' title='bbox 544 2415 915 2482; x_wconf 91' lang='lat' dir='ltr'>archiepiscopi</span> <span class='ocrx_word' id='word_1_281' title='bbox 933 2416 1200 2482; x_wconf 91' lang='lat' dir='ltr'>Tyriensis</span> <span class='ocrx_word' id='word_1_282' title='bbox 1229 2416 1466 2481; x_wconf 81' lang='lat' dir='ltr'>regisque</span> <span class='ocrx_word' id='word_1_283' title='bbox 1497 2416 1783 2466; x_wconf 89' lang='lat' dir='ltr'>cancellarii</span> <span class='ocrx_word' id='word_1_284' title='bbox 1813 2416 2077 2479; x_wconf 86' lang='lat' dir='ltr'>(Delaville</span> <span class='ocrx_word' id='word_1_285' title='bbox 2095 2417 2140 2465; x_wconf 91' lang='lat' dir='ltr'>Ie</span> <span class='ocrx_word' id='word_1_286' title='bbox 2160 2416 2349 2480; x_wconf 87' lang='lat' dir='ltr'>Roulx,</span> 
     </span>
     <span class='ocr_line' id='line_1_31' title="bbox 172 2485 2351 2559; baseline -0 -20"><span class='ocrx_word' id='word_1_287' title='bbox 172 2506 222 2557; x_wconf 89' lang='lat' dir='ltr'>p.</span> <span class='ocrx_word' id='word_1_288' title='bbox 253 2491 554 2555; x_wconf 86' lang='lat'>127—128,</span> <span class='ocrx_word' id='word_1_289' title='bbox 583 2491 685 2540; x_wconf 94' lang='lat' dir='ltr'>No.</span> <span class='ocrx_word' id='word_1_290' title='bbox 720 2507 784 2556; x_wconf 94' lang='grc'>39</span> <span class='ocrx_word' id='word_1_291' title='bbox 818 2489 896 2555; x_wconf 80' lang='lat' dir='ltr'>[cf.</span> <span class='ocrx_word' id='word_1_292' title='bbox 928 2507 976 2557; x_wconf 92' lang='lat' dir='ltr'>p.</span> <span class='ocrx_word' id='word_1_293' title='bbox 1007 2489 1113 2556; x_wconf 82' lang='lat'>13];</span> <span class='ocrx_word' id='word_1_294' title='bbox 1152 2491 1316 2553; x_wconf 83' lang='lat' dir='ltr'>Prutz,</span> <span class='ocrx_word' id='word_1_295' title='bbox 1348 2507 1396 2557; x_wconf 93' lang='lat' dir='ltr'>p.</span> <span class='ocrx_word' id='word_1_296' title='bbox 1428 2509 1541 2555; x_wconf 92' lang='lat'>111,</span> <span class='ocrx_word' id='word_1_297' title='bbox 1572 2492 1672 2541; x_wconf 92' lang='lat' dir='ltr'>No.</span> <span class='ocrx_word' id='word_1_298' title='bbox 1708 2491 1809 2556; x_wconf 82' lang='lat'>37).</span> <span class='ocrx_word' id='word_1_299' title='bbox 1838 2485 1853 2559; x_wconf 79' lang='grc' dir='ltr'>Η</span> <span class='ocrx_word' id='word_1_300' title='bbox 1879 2492 1995 2540; x_wconf 93' lang='lat' dir='ltr'>Hoc</span> <span class='ocrx_word' id='word_1_301' title='bbox 2025 2491 2351 2557; x_wconf 85' lang='lat' dir='ltr'>privilegium</span> 
     </span>
     <span class='ocr_line' id='line_1_32' title="bbox 173 2564 2351 2632; baseline 0 -18"><span class='ocrx_word' id='word_1_302' title='bbox 173 2565 360 2614; x_wconf 89' lang='lat' dir='ltr'>eodem</span> <span class='ocrx_word' id='word_1_303' title='bbox 388 2581 527 2614; x_wconf 89' lang='lat' dir='ltr'>anno</span> <span class='ocrx_word' id='word_1_304' title='bbox 556 2581 612 2614; x_wconf 89' lang='lat' dir='ltr'>ac</span> <span class='ocrx_word' id='word_1_305' title='bbox 640 2581 816 2614; x_wconf 91' lang='lat' dir='ltr'>mense</span> <span class='ocrx_word' id='word_1_306' title='bbox 836 2565 1020 2614; x_wconf 90' lang='lat' dir='ltr'>iisdem</span> <span class='ocrx_word' id='word_1_307' title='bbox 1038 2564 1251 2614; x_wconf 90' lang='lat' dir='ltr'>testibus</span> <span class='ocrx_word' id='word_1_308' title='bbox 1270 2565 1477 2631; x_wconf 87' lang='lat' dir='ltr'>Sibylla,</span> <span class='ocrx_word' id='word_1_309' title='bbox 1498 2566 1756 2615; x_wconf 89' lang='lat' dir='ltr'>comitissa</span> <span class='ocrx_word' id='word_1_310' title='bbox 1773 2566 1968 2632; x_wconf 84' lang='lat' dir='ltr'>Joppae</span> <span class='ocrx_word' id='word_1_311' title='bbox 1984 2578 2030 2614; x_wconf 92' lang='lat' dir='ltr'>et</span> <span class='ocrx_word' id='word_1_312' title='bbox 2048 2566 2351 2628; x_wconf 85' lang='lat' dir='ltr'>Ascalonae,</span> 
     </span>
     <span class='ocr_line' id='line_1_33' title="bbox 173 2638 2353 2706; baseline 0 -18"><span class='ocrx_word' id='word_1_313' title='bbox 173 2638 341 2704; x_wconf 85' lang='lat' dir='ltr'>sigillo</span> <span class='ocrx_word' id='word_1_314' title='bbox 371 2638 642 2689; x_wconf 89' lang='lat' dir='ltr'>confirmat</span> <span class='ocrx_word' id='word_1_315' title='bbox 671 2639 934 2703; x_wconf 91' lang='lat' dir='ltr'>(Delaville</span> <span class='ocrx_word' id='word_1_316' title='bbox 962 2640 1008 2689; x_wconf 92' lang='lat' dir='ltr'>Ie</span> <span class='ocrx_word' id='word_1_317' title='bbox 1040 2639 1227 2703; x_wconf 88' lang='lat' dir='ltr'>Roulx,</span> <span class='ocrx_word' id='word_1_318' title='bbox 1260 2657 1307 2706; x_wconf 96' lang='lat' dir='ltr'>p.</span> <span class='ocrx_word' id='word_1_319' title='bbox 1340 2657 1638 2706; x_wconf 81' lang='lat'>129—130,</span> <span class='ocrx_word' id='word_1_320' title='bbox 1659 2642 1759 2690; x_wconf 90' lang='lat' dir='ltr'>No.</span> <span class='ocrx_word' id='word_1_321' title='bbox 1780 2658 1841 2705; x_wconf 85' lang='lat'>41</span> <span class='ocrx_word' id='word_1_322' title='bbox 1873 2639 1950 2705; x_wconf 84' lang='lat' dir='ltr'>[cf.</span> <span class='ocrx_word' id='word_1_323' title='bbox 1972 2657 2020 2706; x_wconf 92' lang='lat' dir='ltr'>p.</span> <span class='ocrx_word' id='word_1_324' title='bbox 2046 2638 2156 2704; x_wconf 86' lang='lat'>20];</span> <span class='ocrx_word' id='word_1_325' title='bbox 2188 2641 2353 2703; x_wconf 88' lang='lat' dir='ltr'>Prutz,</span> 
     </span>
    </p>
   </div>
   <div class='ocr_carea' id='block_1_5' title="bbox 174 2714 2354 2838">
    <p class='ocr_par' dir='ltr' id='par_1_7' title="bbox 174 2714 2354 2838">
     <span class='ocr_line' id='line_1_34' title="bbox 175 2714 2354 2780; baseline 0 -17"><span class='ocrx_word' id='word_1_326' title='bbox 175 2730 223 2780; x_wconf 93' lang='lat' dir='ltr'>p.</span> <span class='ocrx_word' id='word_1_327' title='bbox 264 2731 564 2779; x_wconf 87' lang='lat'>111—112,</span> <span class='ocrx_word' id='word_1_328' title='bbox 605 2715 705 2764; x_wconf 79' lang='lat' dir='ltr'>No,</span> <span class='ocrx_word' id='word_1_329' title='bbox 740 2714 840 2780; x_wconf 83' lang='lat'>38).</span> <span class='ocrx_word' id='word_1_330' title='bbox 909 2715 967 2764; x_wconf 93' lang='lat' dir='ltr'>In</span> <span class='ocrx_word' id='word_1_331' title='bbox 1009 2715 1164 2764; x_wconf 91' lang='lat' dir='ltr'>dorso</span> <span class='ocrx_word' id='word_1_332' title='bbox 1205 2728 1366 2763; x_wconf 90' lang='lat' dir='ltr'>cartae</span> <span class='ocrx_word' id='word_1_333' title='bbox 1406 2714 1618 2780; x_wconf 86' lang='lat' dir='ltr'>legitur:</span> <span class='ocrx_word' id='word_1_334' title='bbox 1665 2716 1814 2765; x_wconf 89' lang='lat' dir='ltr'>Carta</span> <span class='ocrx_word' id='word_1_335' title='bbox 1850 2715 2106 2764; x_wconf 87' lang='lat' dir='ltr'>comitisse</span> <span class='ocrx_word' id='word_1_336' title='bbox 2136 2714 2354 2763; x_wconf 88' lang='lat' dir='ltr'>cassaliis</span> 
     </span>
     <span class='ocr_line' id='line_1_35' title="bbox 174 2787 2354 2838; baseline -0.001 0"><span class='ocrx_word' id='word_1_337' title='bbox 174 2789 430 2838; x_wconf 83' lang='grc'>361113135.</span> <span class='ocrx_word' id='word_1_338' title='bbox 2239 2787 2354 2836; x_wconf 86' lang='grc'>545</span> 
     </span>
    </p>
   </div>
   <div class='ocr_carea' id='block_1_6' title="bbox 176 2877 2361 4002">
    <p class='ocr_par' dir='ltr' id='par_1_8' title="bbox 176 2877 2358 3541">
     <span class='ocr_line' id='line_1_36' title="bbox 312 2877 2354 2945; baseline -0 -17"><span class='ocrx_word' id='word_1_339' title='bbox 312 2915 341 2941; x_wconf 88' lang='grc'>,,</span> <span class='ocrx_word' id='word_1_340' title='bbox 421 2878 779 2945; x_wconf 91' lang='lat' dir='ltr'>(Sept.—Dec.</span> <span class='ocrx_word' id='word_1_341' title='bbox 805 2878 906 2944; x_wconf 85' lang='lat'>31),</span> <span class='ocrx_word' id='word_1_342' title='bbox 938 2879 1043 2927; x_wconf 89' lang='grc'>1311.</span> <span class='ocrx_word' id='word_1_343' title='bbox 1065 2879 1126 2927; x_wconf 90' lang='lat' dir='ltr'>X.</span> <span class='ocrx_word' id='word_1_344' title='bbox 1161 2906 1226 2912; x_wconf 89' lang='lat'>-—</span> <span class='ocrx_word' id='word_1_345' title='bbox 1257 2877 1561 2943; x_wconf 85' lang='lat' dir='ltr'>Balduinus.</span> <span class='ocrx_word' id='word_1_346' title='bbox 1582 2879 1830 2928; x_wconf 91' lang='lat' dir='ltr'>dominus</span> <span class='ocrx_word' id='word_1_347' title='bbox 1858 2878 2198 2941; x_wconf 85' lang='lat' dir='ltr'>Ramatensis,</span> <span class='ocrx_word' id='word_1_348' title='bbox 2229 2895 2354 2928; x_wconf 88' lang='lat' dir='ltr'>con-</span> 
     </span>
     <span class='ocr_line' id='line_1_37' title="bbox 176 2952 2354 3019; baseline 0 -17"><span class='ocrx_word' id='word_1_349' title='bbox 176 2952 290 3002; x_wconf 91' lang='lat' dir='ltr'>silio</span> <span class='ocrx_word' id='word_1_350' title='bbox 318 2952 528 3017; x_wconf 86' lang='lat' dir='ltr'>Baliani,</span> <span class='ocrx_word' id='word_1_351' title='bbox 555 2953 718 3002; x_wconf 88' lang='lat' dir='ltr'>fratris</span> <span class='ocrx_word' id='word_1_352' title='bbox 748 2954 844 3016; x_wconf 87' lang='lat' dir='ltr'>sui,</span> <span class='ocrx_word' id='word_1_353' title='bbox 875 2966 923 3003; x_wconf 90' lang='lat' dir='ltr'>et</span> <span class='ocrx_word' id='word_1_354' title='bbox 952 2969 1209 3002; x_wconf 87' lang='lat' dir='ltr'>consensu</span> <span class='ocrx_word' id='word_1_355' title='bbox 1239 2953 1517 3017; x_wconf 89' lang='lat' dir='ltr'>(Eschiv)ae</span> <span class='ocrx_word' id='word_1_356' title='bbox 1547 2966 1595 3003; x_wconf 92' lang='lat' dir='ltr'>et</span> <span class='ocrx_word' id='word_1_357' title='bbox 1623 2953 1931 3019; x_wconf 88' lang='lat' dir='ltr'>Stephaniae</span> <span class='ocrx_word' id='word_1_358' title='bbox 1961 2952 2182 3002; x_wconf 81' lang='lat' dir='ltr'>tiliarum</span> <span class='ocrx_word' id='word_1_359' title='bbox 2212 2955 2354 3002; x_wconf 88' lang='lat' dir='ltr'>Con-</span> 
     </span>
     <span class='ocr_line' id='line_1_38' title="bbox 176 3027 2356 3092; baseline -0 -16"><span class='ocrx_word' id='word_1_360' title='bbox 176 3027 402 3092; x_wconf 89' lang='lat' dir='ltr'>stantiae,</span> <span class='ocrx_word' id='word_1_361' title='bbox 432 3027 596 3077; x_wconf 91' lang='lat' dir='ltr'>sorori</span> <span class='ocrx_word' id='word_1_362' title='bbox 624 3029 755 3092; x_wconf 86' lang='lat' dir='ltr'>regis</span> <span class='ocrx_word' id='word_1_363' title='bbox 782 3028 1023 3077; x_wconf 88' lang='lat' dir='ltr'>Franciae</span> <span class='ocrx_word' id='word_1_364' title='bbox 1054 3040 1101 3076; x_wconf 92' lang='lat' dir='ltr'>et</span> <span class='ocrx_word' id='word_1_365' title='bbox 1130 3028 1414 3077; x_wconf 87' lang='lat' dir='ltr'>comitissae</span> <span class='ocrx_word' id='word_1_366' title='bbox 1443 3028 1492 3078; x_wconf 90' lang='lat' dir='ltr'>S.</span> <span class='ocrx_word' id='word_1_367' title='bbox 1513 3028 1744 3092; x_wconf 83' lang='lat' dir='ltr'>Aegidii,</span> <span class='ocrx_word' id='word_1_368' title='bbox 1774 3028 2151 3091; x_wconf 83' lang='lat' dir='ltr'>scribanagium</span> <span class='ocrx_word' id='word_1_369' title='bbox 2181 3028 2356 3076; x_wconf 84' lang='lat' dir='ltr'>casalis</span> 
     </span>
     <span class='ocr_line' id='line_1_39' title="bbox 177 3101 2354 3168; baseline -0.001 -17"><span class='ocrx_word' id='word_1_370' title='bbox 177 3101 462 3151; x_wconf 84' lang='lat' dir='ltr'>Bethduras</span> <span class='ocrx_word' id='word_1_371' title='bbox 491 3119 517 3150; x_wconf 90' lang='lat' dir='ltr'>a</span> <span class='ocrx_word' id='word_1_372' title='bbox 551 3102 779 3166; x_wconf 87' lang='lat' dir='ltr'>Georgio</span> <span class='ocrx_word' id='word_1_373' title='bbox 809 3103 871 3151; x_wconf 93' lang='lat' dir='ltr'>de</span> <span class='ocrx_word' id='word_1_374' title='bbox 908 3102 1109 3152; x_wconf 84' lang='lat' dir='ltr'>Betheri</span> <span class='ocrx_word' id='word_1_375' title='bbox 1139 3102 1410 3152; x_wconf 89' lang='lat' dir='ltr'>venditum</span> <span class='ocrx_word' id='word_1_376' title='bbox 1450 3119 1624 3152; x_wconf 91' lang='lat' dir='ltr'>coram</span> <span class='ocrx_word' id='word_1_377' title='bbox 1665 3119 1781 3166; x_wconf 85' lang='lat' dir='ltr'>rege</span> <span class='ocrx_word' id='word_1_378' title='bbox 1821 3101 2104 3165; x_wconf 84' lang='lat' dir='ltr'>Balduino,</span> <span class='ocrx_word' id='word_1_379' title='bbox 2147 3102 2354 3168; x_wconf 79' lang='lat' dir='ltr'>Sibylla,</span> 
     </span>
     <span class='ocr_line' id='line_1_40' title="bbox 179 3176 2355 3243; baseline 0 -18"><span class='ocrx_word' id='word_1_380' title='bbox 179 3176 436 3226; x_wconf 88' lang='lat' dir='ltr'>comitissa</span> <span class='ocrx_word' id='word_1_381' title='bbox 477 3177 671 3243; x_wconf 91' lang='lat' dir='ltr'>Joppae</span> <span class='ocrx_word' id='word_1_382' title='bbox 715 3189 764 3226; x_wconf 95' lang='lat' dir='ltr'>et</span> <span class='ocrx_word' id='word_1_383' title='bbox 807 3177 1091 3239; x_wconf 89' lang='lat' dir='ltr'>Ascalonis,</span> <span class='ocrx_word' id='word_1_384' title='bbox 1137 3176 1303 3240; x_wconf 83' lang='lat' dir='ltr'>sigillo</span> <span class='ocrx_word' id='word_1_385' title='bbox 1349 3176 1635 3226; x_wconf 86' lang='lat' dir='ltr'>confirmat.</span> <span class='ocrx_word' id='word_1_386' title='bbox 1670 3205 1743 3211; x_wconf 92' lang='lat'>——</span> <span class='ocrx_word' id='word_1_387' title='bbox 1772 3176 2056 3225; x_wconf 83' lang='lat' dir='ltr'>Rainaldus</span> <span class='ocrx_word' id='word_1_388' title='bbox 2100 3177 2355 3242; x_wconf 86' lang='lat' dir='ltr'>princeps,</span> 
     </span>
     <span class='ocr_line' id='line_1_41' title="bbox 178 3250 2357 3315; baseline 0 -16"><span class='ocrx_word' id='word_1_389' title='bbox 178 3250 482 3300; x_wconf 91' lang='lat' dir='ltr'>Joscellinus</span> <span class='ocrx_word' id='word_1_390' title='bbox 511 3252 573 3300; x_wconf 92' lang='lat' dir='ltr'>de</span> <span class='ocrx_word' id='word_1_391' title='bbox 603 3251 706 3301; x_wconf 92' lang='lat' dir='ltr'>Sen</span> <span class='ocrx_word' id='word_1_392' title='bbox 736 3252 990 3315; x_wconf 91' lang='lat' dir='ltr'>Mossach,</span> <span class='ocrx_word' id='word_1_393' title='bbox 1022 3250 1325 3300; x_wconf 90' lang='lat' dir='ltr'>castellanus</span> <span class='ocrx_word' id='word_1_394' title='bbox 1351 3251 1765 3315; x_wconf 89' lang='lat' dir='ltr'>Ascalonitanus,</span> <span class='ocrx_word' id='word_1_395' title='bbox 1786 3250 2085 3300; x_wconf 87' lang='lat' dir='ltr'>Willelmus</span> <span class='ocrx_word' id='word_1_396' title='bbox 2115 3251 2175 3299; x_wconf 85' lang='lat' dir='ltr'>de</span> <span class='ocrx_word' id='word_1_397' title='bbox 2209 3252 2357 3299; x_wconf 83' lang='lat' dir='ltr'>Mont</span> 
     </span>
     <span class='ocr_line' id='line_1_42' title="bbox 180 3324 2357 3389; baseline -0 -15"><span class='ocrx_word' id='word_1_398' title='bbox 180 3324 410 3388; x_wconf 90' lang='lat' dir='ltr'>Corneit,</span> <span class='ocrx_word' id='word_1_399' title='bbox 440 3325 718 3375; x_wconf 89' lang='lat' dir='ltr'>Rohardus</span> <span class='ocrx_word' id='word_1_400' title='bbox 747 3326 809 3375; x_wconf 94' lang='lat' dir='ltr'>de</span> <span class='ocrx_word' id='word_1_401' title='bbox 839 3326 888 3375; x_wconf 93' lang='lat' dir='ltr'>S.</span> <span class='ocrx_word' id='word_1_402' title='bbox 911 3326 1188 3389; x_wconf 88' lang='lat' dir='ltr'>Abraham,</span> <span class='ocrx_word' id='word_1_403' title='bbox 1218 3326 1505 3375; x_wconf 89' lang='lat' dir='ltr'>Balduinus</span> <span class='ocrx_word' id='word_1_404' title='bbox 1535 3326 1596 3374; x_wconf 92' lang='lat' dir='ltr'>de</span> <span class='ocrx_word' id='word_1_405' title='bbox 1627 3325 1949 3388; x_wconf 90' lang='lat' dir='ltr'>Semossach,</span> <span class='ocrx_word' id='word_1_406' title='bbox 1980 3325 2266 3374; x_wconf 86' lang='lat' dir='ltr'>Balduinus</span> <span class='ocrx_word' id='word_1_407' title='bbox 2295 3326 2357 3374; x_wconf 84' lang='lat' dir='ltr'>de</span> 
     </span>
     <span class='ocr_line' id='line_1_43' title="bbox 180 3398 2355 3465; baseline 0 -18"><span class='ocrx_word' id='word_1_408' title='bbox 180 3398 514 3463; x_wconf 91' lang='lat' dir='ltr'>Jherusalem,</span> <span class='ocrx_word' id='word_1_409' title='bbox 545 3400 863 3465; x_wconf 84' lang='lat' dir='ltr'>Reginaldus</span> <span class='ocrx_word' id='word_1_410' title='bbox 892 3400 937 3449; x_wconf 89' lang='lat' dir='ltr'>le</span> <span class='ocrx_word' id='word_1_411' title='bbox 968 3400 1233 3465; x_wconf 86' lang='lat' dir='ltr'>Flamenq,</span> <span class='ocrx_word' id='word_1_412' title='bbox 1265 3400 1327 3449; x_wconf 91' lang='lat' dir='ltr'>de</span> <span class='ocrx_word' id='word_1_413' title='bbox 1359 3400 1544 3449; x_wconf 91' lang='lat' dir='ltr'>Ybelin</span> <span class='ocrx_word' id='word_1_414' title='bbox 1585 3400 1846 3463; x_wconf 85' lang='lat' dir='ltr'>(Delaville</span> <span class='ocrx_word' id='word_1_415' title='bbox 1876 3401 1921 3449; x_wconf 91' lang='lat' dir='ltr'>le</span> <span class='ocrx_word' id='word_1_416' title='bbox 1952 3400 2138 3460; x_wconf 88' lang='lat' dir='ltr'>Roulx,</span> <span class='ocrx_word' id='word_1_417' title='bbox 2172 3417 2218 3465; x_wconf 83' lang='lat' dir='ltr'>p.</span> <span class='ocrx_word' id='word_1_418' title='bbox 2262 3402 2355 3448; x_wconf 71' lang='lat'>128</span> 
     </span>
     <span class='ocr_line' id='line_1_44' title="bbox 180 3472 2358 3541; baseline -0.001 -18"><span class='ocrx_word' id='word_1_419' title='bbox 180 3490 380 3538; x_wconf 85' lang='lat'>——129,</span> <span class='ocrx_word' id='word_1_420' title='bbox 410 3474 509 3523; x_wconf 96' lang='lat' dir='ltr'>No.</span> <span class='ocrx_word' id='word_1_421' title='bbox 540 3491 610 3540; x_wconf 88' lang='lat'>40</span> <span class='ocrx_word' id='word_1_422' title='bbox 641 3473 717 3539; x_wconf 86' lang='lat' dir='ltr'>[cf.</span> <span class='ocrx_word' id='word_1_423' title='bbox 750 3491 798 3541; x_wconf 93' lang='lat' dir='ltr'>p.</span> <span class='ocrx_word' id='word_1_424' title='bbox 841 3473 945 3539; x_wconf 81' lang='lat'>13];</span> <span class='ocrx_word' id='word_1_425' title='bbox 993 3475 1156 3538; x_wconf 81' lang='lat' dir='ltr'>Prutz,</span> <span class='ocrx_word' id='word_1_426' title='bbox 1188 3490 1235 3541; x_wconf 94' lang='lat' dir='ltr'>p.</span> <span class='ocrx_word' id='word_1_427' title='bbox 1268 3492 1316 3524; x_wconf 83' lang='lat'>11</span> <span class='ocrx_word' id='word_1_428' title='bbox 1343 3492 1381 3539; x_wconf 84' lang='lat'>1,</span> <span class='ocrx_word' id='word_1_429' title='bbox 1412 3476 1511 3524; x_wconf 95' lang='lat' dir='ltr'>No.</span> <span class='ocrx_word' id='word_1_430' title='bbox 1538 3476 1630 3539; x_wconf 71' lang='lat'>‘363</span> <span class='ocrx_word' id='word_1_431' title='bbox 1663 3474 1724 3524; x_wconf 88' lang='lat' dir='ltr'>cf.</span> <span class='ocrx_word' id='word_1_432' title='bbox 1756 3491 1909 3540; x_wconf 89' lang='lat' dir='ltr'>supra</span> <span class='ocrx_word' id='word_1_433' title='bbox 1938 3475 2037 3523; x_wconf 82' lang='lat' dir='ltr'>No,</span> <span class='ocrx_word' id='word_1_434' title='bbox 2065 3475 2198 3538; x_wconf 79' lang='lat'>540).</span> <span class='ocrx_word' id='word_1_435' title='bbox 2244 3472 2358 3520; x_wconf 83' lang='lat'>546</span> 
     </span>
    </p>

    <p class='ocr_par' dir='ltr' id='par_1_9' title="bbox 183 3562 2361 4002">
     <span class='ocr_line' id='line_1_45' title="bbox 319 3562 2359 3630; baseline -0.001 -18"><span class='ocrx_word' id='word_1_436' title='bbox 319 3600 348 3626; x_wconf 92' lang='lat'><strong>„</strong></span> <span class='ocrx_word' id='word_1_437' title='bbox 428 3562 628 3626; x_wconf 90' lang='lat' dir='ltr'>(Octob.</span> <span class='ocrx_word' id='word_1_438' title='bbox 650 3577 764 3613; x_wconf 89' lang='lat' dir='ltr'>ante</span> <span class='ocrx_word' id='word_1_439' title='bbox 784 3563 983 3626; x_wconf 71' lang='lat' dir='ltr'>mens).</span> <span class='ocrx_word' id='word_1_440' title='bbox 1015 3564 1408 3630; x_wconf 84' lang='lat' dir='ltr'>Hierosolymis,</span> <span class='ocrx_word' id='word_1_441' title='bbox 1426 3565 1790 3628; x_wconf 83' lang='lat' dir='ltr'>—Josbertus,</span> <span class='ocrx_word' id='word_1_442' title='bbox 1808 3564 2088 3630; x_wconf 83' lang='lat' dir='ltr'>Hospitalis</span> <span class='ocrx_word' id='word_1_443' title='bbox 2109 3564 2359 3627; x_wconf 70' lang='lat' dir='ltr'>magister,</span> 
     </span>
     <span class='ocr_line' id='line_1_46' title="bbox 183 3636 2359 3705; baseline 0 -19"><span class='ocrx_word' id='word_1_444' title='bbox 183 3636 399 3687; x_wconf 90' lang='lat' dir='ltr'>infirmis</span> <span class='ocrx_word' id='word_1_445' title='bbox 439 3638 717 3704; x_wconf 89' lang='lat' dir='ltr'>Hospitalis</span> <span class='ocrx_word' id='word_1_446' title='bbox 757 3655 847 3704; x_wconf 94' lang='lat' dir='ltr'>per</span> <span class='ocrx_word' id='word_1_447' title='bbox 886 3654 1102 3686; x_wconf 88' lang='lat' dir='ltr'>manum</span> <span class='ocrx_word' id='word_1_448' title='bbox 1144 3638 1390 3704; x_wconf 88' lang='lat' dir='ltr'>Stephani</span> <span class='ocrx_word' id='word_1_449' title='bbox 1431 3639 1745 3705; x_wconf 83' lang='lat' dir='ltr'>hospitalarii</span> <span class='ocrx_word' id='word_1_450' title='bbox 1785 3639 1964 3687; x_wconf 83' lang='lat' dir='ltr'>casalia</span> <span class='ocrx_word' id='word_1_451' title='bbox 2005 3639 2053 3687; x_wconf 88' lang='lat' dir='ltr'>S.</span> <span class='ocrx_word' id='word_1_452' title='bbox 2088 3638 2275 3687; x_wconf 86' lang='lat' dir='ltr'>Mariae</span> <span class='ocrx_word' id='word_1_453' title='bbox 2313 3652 2359 3686; x_wconf 83' lang='lat' dir='ltr'>et</span> 
     </span>
     <span class='ocr_line' id='line_1_47' title="bbox 184 3711 2359 3778; baseline -0.001 -16"><span class='ocrx_word' id='word_1_454' title='bbox 184 3712 419 3778; x_wconf 89' lang='lat' dir='ltr'>Caphaer</span> <span class='ocrx_word' id='word_1_455' title='bbox 447 3713 698 3777; x_wconf 90' lang='lat' dir='ltr'>concedit,</span> <span class='ocrx_word' id='word_1_456' title='bbox 726 3713 867 3762; x_wconf 93' lang='lat' dir='ltr'>unde</span> <span class='ocrx_word' id='word_1_457' title='bbox 898 3711 1113 3760; x_wconf 74' lang='lat' dir='ltr'>infirmis</span> <span class='ocrx_word' id='word_1_458' title='bbox 1133 3728 1289 3778; x_wconf 88' lang='lat' dir='ltr'>panes</span> <span class='ocrx_word' id='word_1_459' title='bbox 1307 3712 1405 3762; x_wconf 85' lang='lat' dir='ltr'>albi</span> <span class='ocrx_word' id='word_1_460' title='bbox 1426 3714 1631 3773; x_wconf 84' lang='lat' dir='ltr'>dentur,</span> <span class='ocrx_word' id='word_1_461' title='bbox 1652 3725 1699 3762; x_wconf 93' lang='lat' dir='ltr'>et</span> <span class='ocrx_word' id='word_1_462' title='bbox 1717 3713 1883 3777; x_wconf 76' lang='lat' dir='ltr'>sigillo</span> <span class='ocrx_word' id='word_1_463' title='bbox 1903 3712 2170 3761; x_wconf 80' lang='lat' dir='ltr'>confirmat</span> <span class='ocrx_word' id='word_1_464' title='bbox 2192 3711 2359 3774; x_wconf 80' lang='lat' dir='ltr'>(Dela-</span> 
     </span>
     <span class='ocr_line' id='line_1_48' title="bbox 183 3785 2359 3854; baseline 0 -20"><span class='ocrx_word' id='word_1_465' title='bbox 183 3785 300 3835; x_wconf 91' lang='lat' dir='ltr'>ville</span> <span class='ocrx_word' id='word_1_466' title='bbox 328 3785 374 3835; x_wconf 91' lang='grc'>16</span> <span class='ocrx_word' id='word_1_467' title='bbox 404 3787 590 3850; x_wconf 89' lang='lat' dir='ltr'>Roulx,</span> <span class='ocrx_word' id='word_1_468' title='bbox 634 3804 680 3854; x_wconf 89' lang='lat' dir='ltr'>p.</span> <span class='ocrx_word' id='word_1_469' title='bbox 723 3788 1021 3849; x_wconf 82' lang='lat'>126—127,</span> <span class='ocrx_word' id='word_1_470' title='bbox 1054 3787 1151 3835; x_wconf 90' lang='lat' dir='ltr'>No.</span> <span class='ocrx_word' id='word_1_471' title='bbox 1188 3788 1280 3852; x_wconf 87' lang='grc'>38;</span> <span class='ocrx_word' id='word_1_472' title='bbox 1325 3788 1481 3848; x_wconf 86' lang='lat' dir='ltr'>Paoli,</span> <span class='ocrx_word' id='word_1_473' title='bbox 1521 3787 1886 3850; x_wconf 69' lang='lat' dir='ltr'>Dell&#39;origine,</span> <span class='ocrx_word' id='word_1_474' title='bbox 1917 3803 1963 3852; x_wconf 87' lang='lat' dir='ltr'>p.</span> <span class='ocrx_word' id='word_1_475' title='bbox 1997 3787 2105 3835; x_wconf 74' lang='lat' dir='ltr'>XLI</span> <span class='ocrx_word' id='word_1_476' title='bbox 2131 3817 2184 3820; x_wconf 24' lang='lat' dir='ltr'>-ss-</span> <span class='ocrx_word' id='word_1_477' title='bbox 2211 3786 2359 3843; x_wconf 71' lang='lat' dir='ltr'>XLII,</span> 
     </span>
     <span class='ocr_line' id='line_1_49' title="bbox 185 3859 2361 3928; baseline -0.001 -18"><span class='ocrx_word' id='word_1_478' title='bbox 185 3861 284 3910; x_wconf 89' lang='lat' dir='ltr'>No.</span> <span class='ocrx_word' id='word_1_479' title='bbox 317 3877 378 3926; x_wconf 82' lang='lat'>23</span> <span class='ocrx_word' id='word_1_480' title='bbox 414 3859 652 3925; x_wconf 86' lang='lat' dir='ltr'>[gallice];</span> <span class='ocrx_word' id='word_1_481' title='bbox 697 3862 863 3924; x_wconf 84' lang='lat' dir='ltr'>Prutz,</span> <span class='ocrx_word' id='word_1_482' title='bbox 895 3860 1256 3926; x_wconf 83' lang='lat' dir='ltr'>Culturgesch.</span> <span class='ocrx_word' id='word_1_483' title='bbox 1278 3863 1325 3911; x_wconf 91' lang='lat' dir='ltr'>d.</span> <span class='ocrx_word' id='word_1_484' title='bbox 1355 3863 1676 3928; x_wconf 73' lang='lat' dir='ltr'>Kreuzzt&#39;ige,</span> <span class='ocrx_word' id='word_1_485' title='bbox 1708 3878 1755 3927; x_wconf 84' lang='lat' dir='ltr'>p.</span> <span class='ocrx_word' id='word_1_486' title='bbox 1779 3864 1937 3926; x_wconf 46' lang='lat'>604„</span> <span class='ocrx_word' id='word_1_487' title='bbox 1963 3862 2095 3926; x_wconf 76' lang='lat' dir='ltr'>(jo5;</span> <span class='ocrx_word' id='word_1_488' title='bbox 2127 3861 2188 3910; x_wconf 79' lang='lat' dir='ltr'>cf.</span> <span class='ocrx_word' id='word_1_489' title='bbox 2214 3861 2361 3909; x_wconf 77' lang='lat' dir='ltr'>Dela—</span> 
     </span>
     <span class='ocr_line' id='line_1_50' title="bbox 186 3932 2358 4002; baseline 0.001 -19"><span class='ocrx_word' id='word_1_490' title='bbox 186 3934 301 3984; x_wconf 90' lang='lat' dir='ltr'>ville</span> <span class='ocrx_word' id='word_1_491' title='bbox 330 3935 374 3984; x_wconf 93' lang='lat' dir='ltr'>le</span> <span class='ocrx_word' id='word_1_492' title='bbox 404 3935 574 3985; x_wconf 86' lang='lat' dir='ltr'>Roulx</span> <span class='ocrx_word' id='word_1_493' title='bbox 605 3935 658 3984; x_wconf 93' lang='lat' dir='ltr'>in</span> <span class='ocrx_word' id='word_1_494' title='bbox 688 3935 814 3985; x_wconf 86' lang='lat' dir='ltr'>Bibl.</span> <span class='ocrx_word' id='word_1_495' title='bbox 847 3936 907 3984; x_wconf 86' lang='lat' dir='ltr'>de</span> <span class='ocrx_word' id='word_1_496' title='bbox 936 3934 1113 3984; x_wconf 80' lang='lat' dir='ltr'>I&#39;e&#39;cole</span> <span class='ocrx_word' id='word_1_497' title='bbox 1144 3935 1192 3984; x_wconf 92' lang='lat' dir='ltr'>d.</span> <span class='ocrx_word' id='word_1_498' title='bbox 1225 3936 1419 3985; x_wconf 88' lang='lat' dir='ltr'>chartes</span> <span class='ocrx_word' id='word_1_499' title='bbox 1459 3938 1608 4000; x_wconf 81' lang='grc'>1887,</span> <span class='ocrx_word' id='word_1_500' title='bbox 1642 3953 1688 4002; x_wconf 83' lang='lat' dir='ltr'>p.</span> <span class='ocrx_word' id='word_1_501' title='bbox 1725 3937 1861 4001; x_wconf 68' lang='lat'>348).</span> <span class='ocrx_word' id='word_1_502' title='bbox 2247 3932 2358 3981; x_wconf 83' lang='lat'>547</span> 
     </span>
    </p>
   </div>
   <div class='ocr_carea' id='block_1_7' title="bbox 276 4031 2061 4077">
    <p class='ocr_par' dir='ltr' id='par_1_10' title="bbox 276 4031 2061 4077">
     <span class='ocr_line' id='line_1_51' title="bbox 276 4031 2061 4077; baseline 0.002 -10"><span class='ocrx_word' id='word_1_503' title='bbox 276 4031 307 4067; x_wconf 82' lang='lat' dir='ltr'>R</span> <span class='ocrx_word' id='word_1_504' title='bbox 323 4032 383 4067; x_wconf 73' lang='lat'>611</span> <span class='ocrx_word' id='word_1_505' title='bbox 398 4043 414 4067; x_wconf 81' lang='lat' dir='ltr'>r</span> <span class='ocrx_word' id='word_1_506' title='bbox 429 4033 436 4068; x_wconf 92' lang='lat' dir='ltr'>i</span> <span class='ocrx_word' id='word_1_507' title='bbox 451 4044 470 4067; x_wconf 89' lang='lat' dir='ltr'>c</span> <span class='ocrx_word' id='word_1_508' title='bbox 485 4033 507 4067; x_wconf 85' lang='lat' dir='ltr'>h</span> <span class='ocrx_word' id='word_1_509' title='bbox 523 4039 547 4076; x_wconf 90' lang='lat' dir='ltr'>t,</span> <span class='ocrx_word' id='word_1_510' title='bbox 586 4033 758 4077; x_wconf 65' lang='lat' dir='ltr'>chcsla.</span> <span class='ocrx_word' id='word_1_511' title='bbox 2015 4049 2061 4077; x_wconf 77' lang='lat'>10</span> 
     </span>
    </p>
   </div>
  </div>
 </body>
</html>
