2684 4244
970 159 1099 215 regni
1125 157 1556 216 l>licrosolyniitani.
2255 181 2263 211 1
2286 181 2345 226 5'5'

174 345 459 402 Romanus,
504 343 878 409 TripolitanuS,
925 341 1196 403 Radulfus,
1243 340 1576 401 Sebastensis,
1623 340 1879 402 Albertus,
1924 339 2349 402 Bethlemitanus,

176 419 235 468 V.
266 417 683 481 Ga(m)bulensis,
730 416 958 483 episcopi
994 429 1040 464 et
1070 416 1247 464 Petrus
1288 414 1341 477 lI,
1386 414 1435 462 S.
1468 414 1740 480 Sepulchri
1784 414 1948 480 prior,
1994 414 2127 462 vices
2169 430 2352 477 gerens

177 491 469 555 (Amalrici),
512 492 821 558 patriarchae
863 488 1324 556 Hierosolymitani
1365 488 1567 552 (Mansi,
1609 489 1810 538 Concil.
1857 490 2012 552 XXII,
2055 505 2102 554 p.
2138 505 2235 552 215
2273 486 2349 551 [cf.

173 583 221 633 p.
249 564 403 631 462];
449 567 723 632 d'Achery,
755 565 993 631 Spicileg.
1024 565 1058 628 I,
1101 581 1150 629 p.
1184 565 1316 628 6373
1362 563 1569 627 Reuter,
1601 564 1890 612 Alexander
1918 564 1996 627 III,
2028 563 2105 627 III,
2137 579 2184 628 p.
2219 563 2350 622 7673

175 640 334 692 Guill.
366 641 427 689 de
456 641 599 707 Tyro
628 641 761 704 XXI,
794 657 833 689 e.
868 639 968 702 26).
2237 634 2352 683 575

255 726 403 775 1179
434 730 580 778 Mart.
621 746 696 791 ις).
755 726 1006 776 Laterani.
1054 753 1124 759 ——
1169 725 1460 773 Alexander
1503 724 1564 773 ΙΙΙ
1608 724 1858 788 Johanni,
1905 725 2069 773 abbati
2115 724 2353 773 ecclesiae

175 802 370 853 Montis
390 802 516 852 Sion
542 801 1059 868 Hierosolymitanae,
1080 812 1464 848 antecessorum
1484 800 1781 864 exemplum
1800 812 2052 864 sequutus
2072 798 2352 864 privilegia,

175 876 285 942 jura
328 890 375 926 et
419 877 772 943 possessiones
824 874 1107 938 confirmat,
1154 889 1377 939 quarum
1420 873 1474 922 in
1519 889 1740 922 numero
1784 886 1930 922 vocat
1970 873 2351 922 ultramarinas:

173 965 341 1001 totum
362 953 596 1001 Montem
617 951 744 1000 Sion
762 967 883 1000 cum
901 948 1236 1016 pertinentiae
1263 948 1567 1014 integritate,
1588 964 1690 1013 qua
1710 948 1814 996 dux.
1834 948 2168 998 Godofredus
2197 947 2352 1011 dedit,

174 1026 427 1090 angulum
458 1025 684 1085 civitatis,
715 1025 805 1091 qui
834 1038 907 1074 est
934 1025 997 1073 ad
1026 1025 1283 1072 dexteram
1313 1035 1360 1072 et
1390 1022 1645 1071 sinistram
1675 1022 1982 1071 intrantibus
2023 1022 2352 1083 Iberusalem,

174 1117 235 1150 ex
263 1114 401 1166 parte
421 1100 565 1163 Sion,
587 1116 744 1165 quem
774 1100 973 1165 primus
1001 1115 1087 1147 rex
1114 1096 1405 1146 Balduinus
1434 1096 1671 1161 contulit,
1701 1097 1897 1146 tabulas
1926 1096 2128 1160 cambii,
2159 1096 2353 1158 hortos,

174 1175 355 1224 balnea
384 1188 430 1223 et
459 1175 662 1238 domos,
694 1190 821 1239 quas
860 1173 991 1222 infra
1030 1187 1208 1222 muros
1243 1171 1453 1220 civitatis
1482 1184 1529 1220 et
1558 1184 1694 1220 extra
1723 1170 1933 1220 ecclesia
1962 1171 2205 1237 possidet,
2237 1186 2356 1219 cum

175 1250 440 1315 apertione
468 1249 605 1298 muri
632 1250 695 1298 ad
730 1248 1015 1297 faciendam
1056 1260 1272 1314 portam,
1313 1259 1499 1295 terram
1538 1246 1806 1310 burgesiae
1848 1259 1982 1295 extra
2012 1245 2356 1294 Acheldemac

176 1340 296 1373 cum
335 1323 499 1372 vineis
539 1339 717 1372 versus
762 1322 1030 1371 meridiem
1075 1321 1193 1385 sitis,
1236 1334 1422 1370 terram
1461 1321 1734 1386 Asquatim
1774 1321 1828 1369 in
1869 1319 2096 1384 Sorbael,
2137 1320 2356 1383 vineam,

176 1414 334 1464 quam
364 1398 502 1447 dedit
519 1398 800 1446 Anselmus
829 1398 891 1446 de
920 1396 1135 1460 Parenti,
1163 1400 1347 1445 terram
1368 1395 1766 1459 Machomeriae,
1796 1408 1982 1444 terram
2001 1395 2157 1444 fontis
2175 1395 2357 1443 subtus

175 1472 343 1539 positi,
373 1488 493 1522 cum
522 1472 636 1538 ipso
666 1472 823 1536 fonte,
845 1488 1002 1536 quem
1023 1470 1159 1520 dedit
1179 1471 1356 1520 Guido
1386 1471 1448 1519 de
1468 1470 1597 1520 Milli
1628 1487 1655 1519 a
1684 1470 1831 1520 Cedo
1859 1469 1925 1534 (P),
1954 1470 2113 1518 casale
2134 1468 2357 1533 Martini,

176 1548 352 1611 casale,
373 1547 517 1612 quod
537 1545 631 1596 fuit
659 1546 901 1612 Hugonis
931 1547 993 1595 de
1024 1546 1250 1609 Gorron,
1282 1545 1610 1611 Dersophath
1640 1558 1687 1594 et
1713 1557 1900 1593 terram
1930 1544 2168 1608 vicinam,
2200 1559 2358 1608 quam

177 1622 315 1671 dedit
353 1621 651 1684 AnselmuS,
694 1621 872 1670 casalia
911 1633 958 1669 et
996 1620 1232 1685 gastinas,
1275 1637 1400 1685 quas
1442 1619 1616 1669 fratres
1649 1632 1888 1669 emerunt
1916 1621 1976 1668 ab
2005 1618 2266 1668 Almerico
2295 1619 2358 1667 de

176 1694 515 1761 Francoloco,
546 1694 735 1744 scilicet
764 1696 954 1756 Gebea,
985 1695 1174 1759 Ubeth,
1206 1695 1530 1759 Dormibedi,
1572 1694 1836 1757 Kariateri,
1867 1694 2132 1757 Genesim,
2163 1693 2357 1756 Casert,

178 1770 401 1838 Tyberie
430 1785 551 1819 cum
579 1770 915 1836 pertinentiis,
936 1770 1232 1836 Caphason,
1253 1770 1426 1818 Aneth
1457 1782 1504 1818 et
1532 1769 1759 1833 Amieth,
1790 1768 1829 1817 F
1833 1768 2103 1831 arafronte,
2134 1768 2188 1816 in
2215 1766 2358 1816 terri-

176 1844 309 1895 torio
321 1844 690 1894 Ascalonitano
707 1844 866 1894 casale
878 1844 1105 1894 Cartafas
1121 1861 1241 1893 cum
1255 1844 1524 1893 medietate
1541 1843 1876 1907 decimarum,
1890 1843 2049 1892 casale
2061 1843 2359 1891 Romenbre

178 1936 297 1969 cum
325 1919 645 1986 pertinentiis
675 1932 722 1969 et
748 1919 959 1984 integris
989 1919 1216 1982 decimis,
1259 1919 1447 1968 domos
1475 1930 1523 1967 et
1551 1918 1954 1967 machomeriam
1988 1916 2275 1981 Ascalonis,
2306 1916 2359 1965 in

176 1994 422 2061 Joppensi
458 1993 713 2043 territorio
753 2006 953 2057 terram,
983 2009 1142 2059 quam
1183 1993 1322 2042 dedit
1349 1994 1527 2057 WidO,
1566 2009 1740 2042 comes
1767 1992 2058 2059 Joppensis,
2101 2007 2359 2040 consensu

179 2068 369 2133 uxoris,
398 2068 698 2118 viridarium
727 2085 848 2118 cum
877 2081 1021 2131 terra,
1043 2084 1202 2133 quam
1232 2068 1370 2117 dedit
1398 2068 1702 2117 Lambertus
1731 2066 1958 2131 Galioth,
1986 2067 2040 2116 in
2069 2068 2196 2116 urbe
2225 2067 2360 2115 Nea—

178 2143 286 2211 poli
314 2144 502 2193 domos
531 2155 580 2192 et
607 2143 661 2192 in
690 2143 946 2193 territorio
976 2141 1084 2207 ejus
1112 2142 1290 2206 Burin,
1331 2143 1693 2208 Caphastrum,
1736 2141 1902 2206 Gul,1)
1934 2140 2151 2192 Gerable
2174 2141 2209 2204 2)
2241 2157 2356 2190 cum

179 2218 497 2285 pertinentiis
526 2230 574 2267 et
610 2218 820 2284 integris
861 2217 1073 2267 decimis
1101 2219 1162 2266 ab
1190 2217 1652 2267 Jherosolimitanis
1692 2216 1988 2283 patriarchis
2030 2216 2285 2265 concessis
2314 2228 2361 2264 et

179 2291 510 2357 confirmatiS,
551 2292 606 2342 in
644 2293 898 2342 territorio
940 2291 1248 2341 Sebastiensi
1284 2292 1462 2341 casalia
1490 2292 1646 2340 Fame
1676 2305 1723 2340 et
1749 2295 1861 2356 Age
1891 2307 2012 2340 curn
2039 2290 2361 2357 pertinentiis

178 2380 227 2417 et
254 2368 526 2417 medietate
556 2367 894 2431 decimarum,
935 2366 987 2415 in
1017 2367 1272 2416 territorio
1302 2366 1621 2416 Caesariensi
1661 2366 1838 2415 casalia
1868 2366 2002 2429 Sida,
2043 2365 2359 2429 Caforana,3)

178 2443 342 2493 Canet
370 2458 491 2492 cum
530 2442 853 2508 pertinentiis
883 2455 929 2491 et
957 2442 1225 2490 medietate
1267 2442 1601 2505 decimarum,
1644 2441 1861 2490 domum
1906 2440 2046 2490 urbis
2086 2441 2360 2490 Caesareae

176 2516 404 2581 liberam,
423 2517 476 2566 in
492 2517 709 2579 Ligione
729 2517 767 2565 II
787 2533 1018 2566 carrucas
1037 2528 1196 2565 terrae
1216 2529 1264 2564 et
1282 2516 1662 2580 molendinum,
1682 2516 1720 2564 II
1735 2514 1930 2580 jardina
1951 2532 2072 2564 cum
2090 2514 2360 2564 medietate

177 2592 510 2656 decimarum,
540 2592 761 2641 domum
789 2590 1039 2657 Ligionis,
1071 2590 1123 2639 in
1151 2590 1406 2640 territorio
1427 2590 1751 2640 Acconitano
1771 2589 1932 2639 casale
1954 2589 2135 2656 Miary,
2158 2602 2359 2653 terram,

175 2666 380 2715 vineam
399 2678 447 2715 et
464 2666 657 2730 hortos,
677 2666 911 2715 ecclesias
932 2666 981 2715 S.
999 2665 1256 2715 Leonardi
1286 2678 1334 2714 et
1363 2665 1411 2714 S.
1430 2665 1673 2728 Romani,
1694 2665 1881 2714 domos
1900 2681 2022 2714 cum
2040 2663 2361 2730 pertinentiis

176 2741 230 2790 in
259 2741 437 2790 eadem
467 2740 665 2790 civitate
695 2754 742 2790 et
770 2740 979 2805 integris
1008 2740 1235 2803 decimis,
1275 2740 1329 2788 in
1362 2740 1615 2789 territorio
1644 2740 1870 2789 Turensi
1911 2738 2070 2789 casale
2113 2739 2361 2788 Messoria

176 2832 297 2865 curn
335 2815 656 2882 pertinentiis
697 2829 744 2864 et
783 2816 822 2864 ΙΙ
853 2832 1083 2864 carrucas
1122 2814 1314 2863 vicinas
1344 2828 1390 2863 et
1419 2815 1458 2863 ΙΙ
1487 2814 1606 2863 alias
1648 2830 1879 2864 carrucas
1919 2827 2078 2863 terrae
2121 2813 2174 2862 in
2215 2813 2361 2862 casali

177 2889 428 2940 Sardenas
448 2906 567 2939 cum
586 2890 907 2956 pertinentiis
937 2903 984 2938 et
1012 2889 1282 2938 medietate
1304 2889 1640 2954 decimarum,
1662 2889 1714 2938 in
1735 2889 1931 2938 civitate
1950 2889 2077 2955 Tyri
2098 2888 2362 2937 ecclesiam

176 2963 226 3014 S.
257 2965 515 3014 Leonardi
545 2977 593 3014 et
621 2966 808 3014 domos
837 2981 956 3013 cum
987 2963 1322 3030 pertinentiiS,
1367 2964 1419 3012 in
1449 2964 1646 3012 civitate
1677 2963 1899 3013 Gibeleti
1927 2964 2071 3013 XXV
2100 2963 2362 3025 bisantios,

175 3039 483 3089 Antiochiae
513 3039 750 3104 domum,
794 3039 847 3088 in
877 3038 1109 3102 ejusdem
1139 3038 1394 3087 territorio
1424 3039 1660 3102 domum,
1704 3039 1756 3087 in
1787 3038 1903 3087 villa
1933 3039 1995 3087 de
2027 3038 2171 3086 Amis
2202 3036 2361 3085 casale

176 3113 429 3163 Miserach
459 3125 507 3163 et
536 3114 798 3179 quandam
827 3114 1031 3162 vineam
1061 3112 1314 3162 Miserach
1353 3113 1565 3162 nomine
1597 3112 1852 3162 Cafariam
1885 3126 1931 3161 et
1961 3112 2138 3161 casalia
2169 3113 2361 3161 Bussu-

176 3188 293 3252 dan,
324 3188 465 3237 Felix
494 3201 540 3237 et
569 3188 803 3238 Cuccava
843 3204 962 3237 cum
1002 3186 1321 3253 pertinentiis
1351 3200 1397 3236 et
1427 3188 1696 3237 medietate
1727 3188 2061 3251 decimarum,
2097 3187 2361 3235 ecclesiam

175 3260 312 3325 juxta
341 3278 564 3312 castrum
595 3263 887 3312 Dominum
928 3262 1059 3311 sicut
1094 3261 1146 3310 in
1176 3260 1342 3325 casali,
1387 3263 1530 3327 quod
1569 3275 1781 3311 vocatur
1820 3263 1969 3322 ssexa,
2013 3262 2066 3310 in
2108 3260 2362 3310 territorio

174 3336 535 3386 Turasiacensi
576 3353 760 3386 navem
802 3337 854 3386 in
893 3337 1108 3386 flumine
1149 3335 1360 3385 liberam
1392 3349 1439 3386 et
1468 3336 1630 3386 casale
1665 3337 1785 3385 Eroi
1816 3353 1936 3385 cum
1967 3336 2285 3401 pertiuentiis
2317 3349 2361 3383 ct

176 3407 442 3460 medietate
487 3411 804 3461 decimarum
827 3451 969 3461 .....
1042 3411 1303 3459 Praeterea
1348 3411 1618 3460 confirmat
1663 3411 1998 3460 concordiam
2043 3411 2104 3459 de
2151 3410 2362 3459 decimis

174 3485 332 3535 totius
359 3486 578 3535 Judaeae
608 3499 655 3535 et
673 3485 954 3535 Jerusalem
984 3499 1029 3534 et
1058 3486 1304 3534 omuibus
1325 3485 1514 3535 finibus
1535 3485 1645 3550 ejus
1665 3498 1919 3552 perpetuo
1939 3484 2178 3534 ecclcsiae
2201 3485 2360 3532 dictae

175 3560 447 3623 concessis,
490 3561 743 3610 unionem
772 3559 1099 3610 ecclesiarum
1132 3560 1722 3627 Hierosolymitanarum
1764 3576 1884 3609 cum
1929 3561 2106 3608 cadem
2153 3558 2360 3607 ccclesia

175 3633 358 3683 factam
389 3634 437 3683 S.
471 3635 658 3684 Mariae
687 3635 922 3684 videlicet
951 3634 1146 3683 Montis
1176 3634 1381 3698 Oliveti,
1414 3635 1462 3683 S.
1493 3636 1744 3684 Joltannis
1775 3636 1836 3683 de
1869 3635 2108 3696 Sebastia,
2140 3635 2188 3681 S.
2225 3633 2359 3681 lCliac

175 3721 222 3758 et
251 3708 300 3758 S.
319 3709 597 3758 Abrahami
627 3709 954 3759 existentium
987 3709 1038 3756 in
1069 3708 1253 3772 Sicilia,
1274 3709 1459 3773 Apulia
1481 3723 1527 3758 et
1547 3710 1780 3758 Calabria
1812 3726 1930 3757 cum
1961 3710 2127 3756 bonae
2161 3724 2358 3755 memo—

174 3782 275 3832 riae
307 3782 608 3848 W(illelmi),
639 3785 907 3849 quondam
943 3783 1251 3849 patriarchae
1282 3783 1760 3850 Hierosolymitani,
1804 3783 2020 3832 consilio
2062 3796 2108 3831 et
2148 3799 2357 3830 assensu

301 3899 332 3950 ¹)
367 3896 591 3942 El-kfileh
615 3900 830 3956 (Conder
853 3899 898 3942 in
926 3902 1089 3953 Quart.
1117 3900 1232 3942 Stat.
1266 3900 1388 3957 1890,
1414 3913 1454 3955 p.
1485 3899 1570 3956 34).
1898 3901 1933 3947 ¹³)
1970 3896 2160 3951 joi-abah
2198 3896 2355 3953 (ibid).

174 3956 210 4013 a)
245 3957 347 4001 kafr
369 3956 468 4000 ‘ana
497 3956 667 4013 (ibat).
