2684 4244
972 191 1105 248 regni
1128 191 1564 251 Hierosolymitani.
2290 214 2348 249 71

188 370 485 420 struendam
530 372 734 435 reginae
780 387 1159 431 concesserunt,
1206 391 1413 423 necnon
1458 374 1703 424 Surianos
1749 376 1809 424 de
1854 374 2129 423 Ramethes
2173 373 2360 422 scilicet

188 444 440 507 Bolferag,
481 446 651 503 Jacob,
696 447 918 507 Braliim,
962 447 1122 496 Ysaac
1162 462 1208 496 et
1245 449 1466 507 vineam,
1509 465 1665 513 quarn
1710 449 1940 508 Geltidis,
1989 464 2115 496 uxor
2158 448 2356 496 domini

188 518 437 578 Rohardi,
490 520 738 568 moritura
783 520 927 569 dictis
971 522 1229 570 canonicis
1273 523 1425 583 dedit,
1479 523 1617 571 addit
1659 536 1706 571 et
1748 523 1915 586 sigillo
1959 521 2243 570 confirmat.
2287 549 2359 556 —

188 592 464 642 Rohardus
492 605 541 641 et
568 610 729 659 nepos
748 593 857 656 ejus
878 594 1201 660 RadulphuS,
1221 597 1482 645 Johannes
1503 597 1564 645 de
1583 596 1910 645 Valentienes
1930 595 2358 658 (Valencienes),⁷)

187 666 431 726 BabinuS,
464 667 641 727 Fulco,
673 667 858 727 Salem,
889 670 1214 732 Bencelinus,
1245 670 1505 719 Thosetus
1535 670 1817 732 (Tosetus);
1865 670 2066 719 Roches
2096 669 2357 730 (Rorches)

188 741 250 790 de
281 741 549 801 Nazareth,
585 742 963 796 Ermenaudus,
1007 743 1195 801 Helias,
1229 744 1376 792 frater
1404 743 1530 807 ejus,
1574 744 1856 792 Nicholaus
1886 743 2207 802 camerarius,
2239 742 2359 792 Odo

189 815 250 864 de
279 815 561 864 Turcarme
591 814 899 877 (Turcame),
938 817 1244 883 Radulphus
1275 818 1329 866 Li
1361 818 1463 880 (Le)
1493 818 1826 879 Fanchenirs,
1856 818 2137 866 Herbertus
2167 817 2229 865 de
2259 817 2354 864 Re-

187 889 363 952 giteste
406 888 654 951 (Roziere,
687 906 734 954 p.
769 891 1000 953 87—89„
1041 892 1139 940 No.
1170 893 1266 955 483
1317 892 1433 940 Lois
1465 890 1557 955 [ed.
1586 890 1840 955 Beugnot]
1873 892 1928 951 II,
1969 908 2017 956 p.
2054 907 2261 955 513—5
2283 907 2357 953 14,

188 964 287 1013 No.
323 979 416 1028 313
463 962 656 1027 Migne,
688 980 735 1028 p.
778 982 788 1012 1
815 965 1009 1028 136—1
1037 982 1149 1029 137,
1181 967 1279 1015 No.
1310 968 1407 1030 48;
1452 966 1512 1014 cf.
1546 966 1785 1015 Wauters
1814 966 1870 1027 II,
1901 982 1949 1030 p.
1984 965 2121 1029 358).
2244 962 2360 1011 278

310 1050 346 1102 ⁷)
370 1046 520 1106 Hujus
545 1058 591 1091 et
608 1047 836 1091 Johannis
862 1049 919 1092 de
942 1049 983 1092 la
1008 1050 1246 1102 Rochelle,
1267 1049 1419 1093 fratris
1439 1050 1570 1093 Adae
1596 1050 1653 1092 de
1676 1049 1718 1092 la
1734 1049 1972 1101 Rochelle,
1996 1048 2265 1106 sepulcrum
2288 1047 2361 1092 in-

188 1106 314 1151 venit
337 1116 384 1151 et
407 1106 653 1164 descripsit
672 1106 1181 1152 ClermontaGanneau
1211 1110 1665 1166 (Compres-rendus
1686 1109 1743 1152 de
1762 1109 1925 1152 l'acad.
1947 1109 1989 1151 d.
2008 1107 2214 1164 inscript.
2240 1108 2361 1166 1876,

188 1181 231 1232 p.
256 1167 457 1232 667—673
492 1166 549 1210 cf.
575 1164 739 1210 Muse'e
763 1166 969 1211 archeol.
994 1169 1024 1223 I,
1048 1183 1091 1225 p.
1113 1169 1376 1226 259—266).
1413 1169 1484 1212 An
1510 1168 1614 1212 Joh.
1641 1169 1698 1211 de
1722 1169 1794 1221 V„
1819 1166 2042 1212 dominus
2066 1168 2123 1210 de
2148 1168 2361 1224 Caypha,

187 1226 521 1284 intelllgendus
547 1230 648 1270 est?

270 1317 435 1368 1152.
473 1348 543 1354 —-
584 1319 883 1380 MauriciuS,
928 1320 1119 1369 Montis
1159 1320 1363 1383 Regalis
1403 1320 1666 1381 dominus,
1708 1318 1962 1384 Hospitali
2003 1320 2161 1368 donat
2202 1319 2360 1367 casale

187 1394 475 1444 Benisalem
505 1409 625 1443 cum
654 1394 988 1459 pertinentiiS,
1022 1411 1187 1443 unum
1217 1394 1495 1443 Surianum
1526 1394 1741 1442 nomine
1770 1392 2166 1455 Caissardum,¹)
2197 1391 2361 1441 filium

188 1467 463 1531 Tamini,²)
493 1484 612 1517 cum
643 1470 900 1533 parentela
930 1482 977 1517 et
1004 1468 1250 1534 progenie
1280 1485 1387 1529 sua,
1419 1468 1636 1516 domum
1664 1467 1943 1531 quandam,
1972 1483 2102 1531 quae
2132 1480 2204 1515 est
2232 1466 2362 1515 inter

189 1543 408 1592 domum
439 1541 672 1601 Mauricii
702 1555 750 1591 et
778 1542 1088 1591 vicecomitis
1121 1542 1463 1608 Neapolitani,
1504 1555 1707 1603 terram,
1738 1557 1868 1606 quae
1899 1553 1971 1589 est
2001 1541 2130 1589 inter
2158 1541 2359 1589 vineam

190 1616 404 1681 Seguini
435 1628 483 1665 et
510 1630 696 1666 terram
726 1617 989 1666 Guillelmi
1020 1616 1164 1666 Asini
1186 1616 1239 1679 3),
1270 1617 1330 1665 ad
1375 1617 1674 1682 plantandas
1702 1616 1891 1678 vineas,
1922 1615 2042 1663 item
2084 1628 2198 1680 post
2227 1614 2362 1663 deci-

189 1691 471 1741 mationem
514 1692 569 1740 B.
603 1691 791 1740 Mariae
823 1692 1074 1740 decimam
1103 1691 1343 1740 omnium
1374 1702 1624 1739 terrarum
1654 1702 1700 1738 et
1728 1691 1991 1738 lucrorum
2021 1706 2046 1737 a
2076 1689 2364 1737 Sarracenis

190 1782 280 1832 per
307 1765 477 1832 ipsum
508 1765 945 1830 acquirendorum
976 1778 1022 1814 et
1051 1766 1427 1822 habendorum,
1458 1776 1715 1830 praeterea
1743 1764 1796 1811 in
1825 1776 1953 1812 terra
1985 1764 2156 1823 Moab,
2177 1763 2363 1811 scilicet

187 1841 240 1890 in
279 1852 411 1889 terra
454 1839 617 1900 Craci,
664 1840 823 1888 casale
877 1840 1122 1901 Cansir,4)
1169 1855 1328 1905 prope
1371 1839 1593 1888 Cracum
1631 1851 1832 1900 terram,
1875 1854 2005 1902 quae
2047 1851 2118 1886 est
2158 1854 2184 1885 a
2224 1851 2361 1902 parte

189 1914 408 1976 sinistra,
449 1914 579 1963 sicut
618 1914 834 1963 intratur
874 1931 963 1980 per
1002 1926 1202 1980 portam
1243 1912 1429 1962 castelli
1460 1926 1506 1961 et
1533 1913 1887 1974 barbacanam,
1930 1911 2059 1960 inter
2099 1911 2137 1959 ΙΙ
2167 1926 2361 1971 muros,

190 1989 321 2039 sicut
348 1988 676 2055 protenditur
704 1990 764 2037 ab
794 1990 887 2037 hac
915 1988 1039 2038 turri
1068 1988 1320 2053 praedicta
1352 2003 1516 2052 usque
1545 1987 1603 2035 ad
1635 1985 1816 2035 turrim
1846 1986 1894 2034 S.
1928 1985 2133 2046 Mariae,
2177 1985 2364 2034 deinde

191 2063 445 2127 concedit,
467 2076 522 2113 ut
550 2063 696 2112 dictis
716 2063 952 2112 fratribus
982 2063 1034 2111 in
1064 2062 1177 2111 navi
1207 2074 1254 2110 et
1284 2062 1335 2110 in
1365 2060 1578 2109 transitu
1600 2060 1754 2109 Maris
1776 2060 1967 2109 Mortui
1997 2061 2189 2124 absque
2220 2058 2364 2108 omni

191 2154 350 2188 censu
380 2150 429 2187 et
457 2137 721 2187 exactione
763 2138 832 2187 ire
873 2150 920 2186 et
959 2137 1122 2185 redire
1162 2136 1323 2198 liceat,
1367 2135 1461 2184 nisi
1503 2135 1555 2183 in
1595 2134 1746 2184 molis
1776 2146 1823 2183 et
1851 2133 1903 2182 in
1943 2133 2159 2195 circulis,
2202 2133 2241 2181 si
2284 2133 2365 2181 illa

190 2212 386 2262 deferre
426 2211 699 2274 voluerint,
742 2213 956 2261 naulum
996 2211 1212 2273 solvant,
1254 2210 1478 2274 denique
1519 2210 1676 2258 donat
1714 2220 1918 2267 terram,
1959 2225 2089 2272 quae
2127 2221 2199 2256 est
2228 2206 2365 2270 juxta

192 2287 396 2336 vineam
435 2287 686 2336 Johannis
727 2286 998 2348 castellani,
1043 2286 1172 2334 sicut
1212 2284 1456 2333 dividitur
1495 2283 1623 2332 inter
1663 2299 1911 2347 magnum
1955 2282 2047 2330 iter
2085 2294 2132 2330 et
2160 2282 2363 2330 vineam

192 2361 442 2412 Mauricii.
474 2361 689 2410 Factum
708 2360 965 2410 Balduino
985 2372 1167 2425 quarto
1195 2375 1327 2422 rege.
1358 2387 1430 2392 —
1458 2358 1718 2406 Johannes
1748 2357 2066 2416 castellanus,
2089 2355 2364 2418 Seguinus,

190 2435 453 2499 Rabellus,
484 2435 778 2501 Stephanus
808 2436 869 2484 de
900 2440 1082 2496 Arens,
1114 2434 1386 2499 Ayraldus,
1422 2431 1726 2480 castellanus
1757 2431 1949 2480 Montis
1978 2430 2197 2495 Regalis,
2231 2431 2365 2478 Mar-

189 2510 330 2560 tinus
361 2510 660 2571 vicecomes,
706 2510 968 2559 Johannes
995 2507 1300 2569 Tiberiadis,
1342 2506 1682 2569 AssenarduS,
1725 2505 1872 2554 frater
1899 2504 2105 2570 Templi
2135 2503 2365 2566 Domini,

189 2585 461 2634 Johannus
490 2585 723 2646 Crassus,
755 2583 1032 2634 Gauterius
1062 2581 1454 2639 Parmentarius,
1487 2580 1669 2629 Simon
1699 2580 1760 2628 de
1790 2578 1835 2627 la
1865 2579 2029 2628 Carta.
2083 2578 2291 2643 Scripsit
2320 2590 2367 2625 et

191 2658 394 2708 dictavit
437 2658 727 2708 Reinardus
771 2657 1065 2724 capellanus
1110 2655 1265 2718 (Paoli
1296 2656 1329 2711 Ι,
1361 2671 1409 2721 p.
1445 2672 1527 2720 31,
1569 2655 1667 2703 No.
1703 2654 1802 2717 29).
1830 2648 1843 2720 ll
1887 2654 2001 2701 Hoc
2042 2652 2365 2718 privilegium

191 2733 472 2797 Renaldus,
489 2733 737 2782 dominus
751 2732 970 2781 Ebronis
990 2731 1027 2793 (1
1054 2731 1166 2793 177)
1183 2729 1502 2779 confirmavit
1518 2728 1780 2790 (Delaville
1795 2727 1840 2776 le
1859 2727 2044 2783 Roulx,
2062 2743 2110 2792 p.
2130 2744 2140 2774 1
2161 2726 2221 2790 5).
2252 2723 2367 2772 279

310 2817 460 2876 Paoli,
483 2833 528 2877 p.
552 2818 634 2862 62:
677 2821 707 2872 ¹)
732 2816 934 2870 Caissar,
1060 2818 1095 2870 2)
1119 2814 1307 2869 Tamin,
1432 2815 1464 2870 ³)
1490 2812 1655 2866 Hasin,
1778 2813 1812 2868 ⁴)
1837 2810 2011 2855 Canzil.

328 2951 359 2976 ‚‚
438 2951 450 2975 ,
480 2913 714 2962 ind.XV.
746 2941 816 2946 —-
847 2910 1099 2960 Martinus
1119 2910 1351 2958 Caroana
1371 2923 1629 2956 consensu
1659 2905 1748 2954 filii
1768 2905 1987 2954 Bonneti
2017 2904 2368 2958 donationem,

192 3004 367 3055 quam,
399 2987 561 3054 prima
590 3003 750 3036 uxore
769 2986 925 3035 Teiza
944 2984 1068 3046 viva,
1098 2983 1204 3048 ipse
1236 2982 1430 3043 fecerat,
1459 2994 1617 3030 totam
1645 2980 1831 3028 scilicet
1860 2996 2007 3028 suam
2036 2978 2368 3027 substantiam

192 3075 309 3130 post
334 3075 555 3111 mortem
595 3061 751 3110 libere
782 3059 1144 3126 possidendam
1187 3056 1447 3105 canonicis
1487 3056 1536 3104 S.
1569 3054 1838 3120 Sepulchri
1869 3054 2159 3103 concedens
2189 3052 2367 3117 repetit

193 3150 240 3186 et
284 3135 569 3186 confirmat.
615 3164 684 3170 ——
731 3136 906 3183 Petrus
950 3134 1214 3196 Peregorc,
1263 3132 1438 3179 Petrus
1483 3127 1752 3190 ssernardi,
1797 3128 2040 3187 BrictiUS,
2087 3126 2368 3175 Rainaldus

194 3210 472 3272 Sicherius,
505 3209 800 3259 Willelmus
830 3210 1184 3264 Normannus,
1230 3206 1404 3254 Petrus
1434 3204 1682 3253 Salomon
1713 3215 1759 3251 et
1788 3201 2178 3251 Constantinus.
2224 3200 2371 3248 frater

193 3284 319 3350 ejus,
363 3285 618 3335 Radulfus
647 3283 931 3347 burgensis.
989 3282 1199 3329 Factum
1230 3278 1503 3327 Fulcherio
1535 3277 1832 3343 patriarcba,
1879 3275 2132 3324 ssalduino
2164 3275 2221 3322 lll
2254 3291 2369 3336 rege

194 3358 442 3422 (Roziere,
472 3375 519 3425 p.
556 3360 675 3421 216,
707 3359 805 3407 No.
848 3373 971 3420 ¹¹43
1018 3354 1210 3417 Migne,
1244 3370 1290 3418 p.
1333 3369 1706 3411 1210—1211,
1738 3352 1836 3399 No,
1880 3368 1889 3398 ι
1917 3350 2007 3413 14).
2255 3346 2370 3395 280

275 3447 423 3496 1153
453 3449 599 3498 Febr.
635 3449 717 3509 26,
764 3447 868 3495 ind.
901 3447 933 3495 l.
979 3449 1169 3493 Accon.
1201 3471 1272 3476 ὤ
1309 3442 1593 3490 ssalduinus
1623 3441 1698 3498 lll,
1730 3457 1813 3488 rex
1844 3437 2369 3503 Hierosolymitanus,

194 3524 333 3573 dona
347 3536 394 3572 et
409 3523 795 3583 conventiones,
809 3537 938 3586 quae
955 3519 1202 3568 (iirardus
1218 3518 1278 3565 de
1292 3516 1520 3564 Valentia
1538 3532 1655 3564 cum
1676 3514 1864 3562 latinis
1880 3515 1939 3560 ab
1956 3513 2138 3560 codem
2158 3512 2206 3559 in
2224 3512 2370 3559 casali

194 3597 411 3647 Huberti
442 3598 504 3646 de
536 3597 647 3646 Paci
677 3596 852 3645 locatis
884 3594 1022 3656 jussu
1057 3592 1185 3654 regis
1217 3590 1407 3646 babuit,
1443 3590 1627 3639 scilicet
1661 3589 1844 3637 tributa
1892 3587 2170 3638 fructuum,
2218 3585 2370 3639 furni,

195 3670 380 3731 balnei,
401 3670 804 3721 mensurationis
834 3682 879 3717 et
909 3669 1189 3716 domorum
1219 3665 1462 3713 solvenda
1484 3680 1690 3712 necnon
1724 3662 1847 3721 jura,
1868 3662 2056 3726 quibus
2090 3661 2139 3708 in
2170 3659 2370 3708 molen-

196 3746 321 3795 dino
351 3746 511 3809 Ferge
542 3745 811 3804 molenteS,
847 3754 1074 3791 ementes
1104 3754 1150 3788 ct
1179 3740 1459 3787 vendentes
1490 3738 1748 3789 fruuntur,
1790 3736 1957 3798 sigillo
1988 3734 2269 3783 confirmat.
2302 3761 2370 3766 —†—·

196 3819 578 3870 Humfredinus
607 3820 668 3868 de
698 3819 917 3867 Torono
949 3813 1371 3869 constabularius,
1417 3813 1614 3878 Symon
1644 3809 2060 3876 'l'ybcriadensis,
2103 3808 2280 3857 Guido
2311 3808 2372 3856 de

197 3893 556 3951 Scandalione,
573 3892 978 3947 Clarembaldus,
1000 3889 1283 3936 vicecomes
1304 3885 1633 3938 Acconensis,
1651 3885 1825 3932 Petrus
1847 3883 2073 3937 Aurifex,
2091 3882 2372 3930 vicecomes

195 3967 478 4035 TyriensiS.
500 3968 690 4017 Datum
708 3980 1023 4032 permanum
1043 3961 1245 4011 Radulli
1263 3960 1543 4009 cancellarii
1561 3959 1824 4022 (Strclilke,
1841 3974 1916 4022 p.1
1996 3973 2041 4019 2,
2064 3957 2234 4019 N0.1).
2258 3954 2364 4002 281
