2684 4244
939 136 1072 196 regni
1092 135 1526 198 Hierosolymitani.
2219 159 2244 209 3
2254 140 2283 193 8
2300 161 2313 193 1

147 321 399 385 Beit-ruh,
431 360 441 371 .
465 360 475 370 .
499 361 508 370 .
531 361 542 385 ,
575 322 778 385 Marun,
798 319 1157 385 Tarsendjath,
1176 320 1435 383 Kafarnai,
1468 360 1477 369 .
1501 360 1510 369 .
1534 360 1544 370 .
1568 361 1578 370 .
1609 321 1867 384 Aschhur,
1890 321 2085 384 AlemZ,
2108 321 2325 385 Farzun,

147 395 501 460 Durdaghiah,
558 396 878 458 Abrukhiah,
937 435 1080 445 .....
1088 436 1100 459 ,
1157 394 1357 458 Sawafi,
1412 395 1679 459 Halusiah,
1726 397 1929 459 Marub,
1974 395 2156 459 Balith,
2204 396 2325 445 Deir

146 471 356 535 Kanun,
385 470 639 533 Tardeba,
681 469 878 535 Bedias,
921 469 1233 533 Nomanieh,
1274 469 1494 533 Beduth,
1538 470 1872 534 Hamraniah,
1912 470 2071 534 Tura,
2114 469 2322 535 Sarkiat,

147 584 157 595 .
181 584 191 594 .
214 583 225 594 .
247 583 260 608 ,
291 543 560 608 Djedidah,
597 545 852 608 Abbasah,
894 545 1280 608 Honainathah,
1322 544 1581 609 Aschhur,
1623 544 1792 608 Alfah,
1841 584 1851 594 .
1874 584 1884 594 .
1909 584 1918 594 .
1942 584 1972 610 .,
2014 545 2244 610 Misriah,
2284 545 2324 593 si

146 619 241 668 vici
269 618 373 668 sive
403 619 581 668 casalia
610 636 719 668 non
747 632 883 683 sunt,
915 620 976 668 ad
1008 621 1188 669 urbem
1215 633 1261 667 et
1289 618 1583 667 dominium
1602 619 1727 685 Tyri
1747 619 2102 685 pertinebunt;
2134 619 2174 668 si
2203 636 2324 668 vero

144 705 282 757 sunt,
314 693 366 742 in
396 710 619 744 numero
649 706 995 743 cantonorum
1024 710 1114 759 per
1142 693 1418 742 dimidium
1448 692 1730 742 divisorum
1764 694 2107 743 habebuntur.
2138 694 2325 743 Totius

145 783 265 818 vero
309 768 546 817 territorii
591 781 741 818 erunt
784 768 912 818 fines
951 785 978 816 a
1019 768 1231 817 meridie
1285 768 1586 832 Madkalah,
1629 768 1890 817 castellum
1935 769 2323 833 Deir-Amsan,

144 841 796 908 Burdj—wadi-al-hodjadj,
812 843 1050 907 Arabiah,
1066 842 1165 906 Rif,
1182 841 1350 907 Barin,
1365 843 1426 890 ab
1446 842 1641 891 oriente
1663 882 1673 891 .
1693 882 1703 891 .
1722 882 1731 891 .
1751 882 1761 892 .
1784 842 2055 906 Sakeniah,
2077 841 2326 907 Madjdas,

145 916 439 981 Scharkiah,
471 917 774 967 Sahnuniah
806 917 954 983 (quae
985 917 1160 967 omnia
1188 918 1319 966 inter
1347 929 1567 966 cantona
1587 933 1677 983 per
1695 917 1972 966 dimidium
1991 917 2151 966 divisa
2169 917 2323 981 sunt),

144 992 307 1056 Kana,
351 992 641 1054 Mahruma,
685 992 947 1056 Madjadil,
989 991 1301 1041 Kafr-denin
1344 991 1491 1057 (quae
1521 992 1582 1040 ad
1613 992 1910 1041 dominium
1939 991 2140 1041 soldani
2172 992 2324 1058 perti-

145 1066 303 1131 nent),
347 1084 373 1115 a
401 1066 750 1132 septentrione
780 1066 962 1116 Asrifia
1004 1066 1165 1132 (quod
1194 1068 1255 1116 ad
1286 1065 1424 1115 idem
1452 1066 1671 1132 pertinet
1701 1078 1756 1115 ut
1784 1066 1980 1115 fiumen
2010 1067 2323 1131 Kasemieh),

143 1142 205 1189 ab
234 1141 500 1190 occidente
540 1158 703 1203 mare;
747 1141 931 1191 divisio
971 1157 1093 1191 vero
1133 1154 1384 1191 terrarum
1423 1141 1477 1189 in
1518 1154 1742 1190 cantono
1782 1142 1843 1190 de
1884 1142 2104 1190 Zehrieh
2140 1143 2327 1207 pariter

144 1229 296 1281 atque
324 1216 378 1265 in
406 1216 671 1265 antedictis
701 1216 825 1265 facta
855 1229 928 1265 est
956 1233 982 1265 a
1012 1216 1384 1282 paciscentibus
1413 1215 1720 1281 perficietur.
1774 1216 1973 1265 Deinde
2006 1216 2325 1280 Margaretha

143 1289 364 1339 soldano
393 1289 608 1356 ejusque
639 1291 942 1340 hominibus
983 1291 1190 1356 plenam
1230 1291 1552 1340 securitatem
1583 1289 1855 1340 confirmat
1882 1303 1930 1338 et
1958 1307 2074 1339 cum
2107 1307 2168 1339 eo
2198 1307 2325 1340 con—

144 1365 299 1430 venit,
330 1365 522 1430 quibus
550 1365 734 1431 poenis
763 1365 1054 1415 homicidae
1085 1378 1132 1415 et
1162 1365 1298 1414 fures
1328 1365 1583 1431 puniendi
1613 1366 1728 1428 sint,
1770 1377 1924 1431 atque
1955 1365 2242 1431 pollicetur,
2274 1381 2325 1413 se

145 1455 316 1504 neque
345 1440 672 1489 munimenta
700 1454 996 1490 construere
1027 1457 1198 1505 neque
1228 1440 1400 1488 hostes
1430 1440 1631 1489 soldani
1661 1438 1900 1503 adjuvare
1930 1440 2057 1489 velle
2087 1439 2326 1502 (Quatre-

145 1514 283 1564 mere
314 1514 431 1579 ΙΙΑ,
463 1531 511 1580 p.
553 1517 834 1569 172——176
869 1513 1117 1580 [arabice],
1154 1531 1202 1580 p.
1238 1531 1539 1580 213—-221
1581 1513 1762 1579 [versio
1791 1512 2013 1578 gallica];
2060 1515 2324 1578 Michaud,

144 1589 273 1638 Bibl.
295 1589 344 1638 d.
365 1589 579 1639 croisad.
610 1589 665 1654 ΙΙ,
698 1606 743 1655 p.
766 1606 1081 1651 701—‘7073
1121 1589 1378 1653 Reinaud,
1408 1589 1639 1654 Extraits,
1671 1606 1720 1655 p.
1747 1591 2062 1654 558—560;
2095 1589 2324 1653 Wilken,

145 1662 333 1713 Gesch.
364 1663 412 1713 d.
443 1665 750 1729 Kreuzzuge
784 1664 886 1728 VII,
916 1681 1032 1730 app.
1065 1681 1113 1731 p.
1144 1664 1491 1728 XIV—XVII,
1523 1665 1622 1714 No.
1658 1665 1720 1727 2).
2177 1661 2326 1711 1458

218 1750 432 1815 (1285).
474 1780 546 1788 —-
592 1753 788 1802 «David
832 1753 1099 1817 Johannis,
1145 1770 1231 1802 rex
1274 1753 1484 1802 Tharsis
1528 1766 1575 1802 et
1618 1752 1816 1802 Insulae
1861 1752 2174 1817 orientalis»,
2221 1753 2326 1819 regi

144 1827 468 1891 Hungariae,
514 1827 700 1891 scribit,
742 1828 993 1877 thronum
1034 1845 1189 1877 suum
1230 1844 1385 1894 super
1424 1828 1553 1877 colla
1592 1828 1863 1877 rebellium
1903 1828 2178 1877 exaltatum
2218 1844 2325 1876 esse

143 1917 302 1967 seque
322 1902 602 1951 dominum
620 1902 966 1951 Balthasarem
998 1901 1214 1968 ejusque
1243 1903 1410 1952 socios
1428 1903 1626 1968 Gaspar
1644 1915 1690 1951 et
1710 1902 1963 1952 Melchior
1976 1903 2008 1965 1)
2037 1903 2099 1952 ad
2118 1902 2327 1968 propria

143 1990 402 2043 reportare
431 1977 557 2026 velle
599 1977 814 2040 (Chron.
846 1977 1158 2041 Salimbene,
1200 1993 1250 2043 p.
1284 1978 1421 2042 338).
1452 1986 1464 2045 Ι)
1494 1978 1708 2027 Nostrae
1738 1977 1982 2043 epistolae
2011 1977 2325 2026 simillimam

143 2068 170 2099 a
204 2051 439 2118 «Chayn,
470 2051 666 2101 nuncio
696 2052 826 2116 regis
855 2051 1105 2116 celestis»,
1136 2052 1243 2116 regi
1271 2052 1572 2118 Hungariae
1601 2069 1641 2101 c.
1672 2067 1872 2102 annum
1911 2068 2036 2116 1241
2086 2052 2326 2118 scriptam

142 2125 314 2175 videas
343 2126 396 2175 in
424 2127 573 2176 Neue
603 2127 771 2176 Mitth.
802 2144 844 2175 a.
876 2127 924 2175 d.
956 2127 1167 2177 Gebiete
1198 2127 1246 2176 d.
1278 2127 1394 2176 hist.
1426 2126 1582 2192 antiq.
1614 2126 1844 2191 Forsch.,
1875 2126 2023 2175 Halle
2063 2128 2215 2191 1838,
2246 2127 2327 2191 IV,

144 2216 192 2266 p.
220 2217 233 2249 1
257 2217 334 2265 10,
355 2201 495 2250 unde
514 2201 746 2267 repetivit
773 2219 818 2251 v.
839 2202 1115 2268 Hormayr,
1148 2201 1242 2250 Die
1260 2202 1453 2266 goldne
1473 2201 1709 2251 Chronik
1726 2219 1772 2251 v.
1794 2201 2325 2266 Hohenschwangau,

141 2291 257 2341 app.
287 2291 336 2341 p.
366 2275 469 2339 68).
2176 2274 2326 2323 1459

268 2353 302 2407 ¹)
324 2352 397 2396 De
420 2351 492 2396 his
516 2351 748 2397 fabulosis
772 2352 965 2411 regibus
990 2352 1048 2396 cf.
1064 2352 1546 2410 Rohricht—Meisner,
1571 2352 1659 2397 Ein
1674 2352 1987 2397 niederrhein.
2002 2353 2329 2397 Berichtijber

144 2411 237 2455 den
261 2411 430 2456 Orient
453 2411 501 2456 in
522 2412 751 2457 Zeitschr.
775 2411 804 2456 f.
832 2412 1059 2456 deutsche
1083 2411 1352 2470 Philologie
1382 2413 1507 2470 1886,
1530 2427 1574 2470 p.
1600 2412 1716 2458 6—8
1741 2423 1787 2457 et
1809 2427 1951 2470 supra
1977 2413 2067 2456 No.
2100 2412 2221 2457 1186.

291 2528 321 2554 ‚‚
401 2491 579 2557 (1283)
610 2492 839 2558 (gallice).
877 2521 935 2526 —
970 2493 1198 2559 Pactum,
1230 2493 1374 2558 quod
1404 2493 1653 2543 dominus
1696 2493 1759 2542 de
1788 2493 1932 2558 Tyro
1978 2509 2067 2559 per
2112 2509 2327 2542 manum

143 2565 351 2630 Jacob(i)
382 2567 501 2617 Port
530 2567 644 2617 fecit
672 2583 792 2616 curn
821 2567 1041 2617 soldano
1070 2566 1286 2632 ejusque
1328 2567 1542 2617 nomine
1572 2568 1808 2632 fungenti
1837 2567 2052 2617 amirato
2082 2568 2143 2616 de
2175 2567 2325 2617 Safed

142 2641 205 2690 de
224 2640 374 2690 casali
392 2640 586 2691 Batiole
606 2657 812 2691 necnon
829 2643 890 2691 de
906 2642 1015 2691 aliis
1035 2641 1298 2707 casalibus,
1313 2658 1543 2707 quorum
1562 2643 1776 2691 nomina
1794 2655 1941 2691 sunt:
1972 2642 2327 2707 Alamonasse,

142 2714 696 2780 Hambonhabdelech,
737 2716 783 2765 la
824 2716 1078 2780 Casemie,
1120 2716 1302 2780 Ledin,
1346 2716 1572 2783 Mehlep,
1613 2718 1658 2766 le
1699 2718 1928 2781 BabouC,
1968 2717 2014 2766 la
2054 2717 2325 2782 Hamadie,

145 2789 437 2855 Rashelam,
468 2790 516 2840 la
544 2792 650 2841 Cor
678 2793 741 2841 de
769 2791 989 2858 lospital,
1022 2791 1322 2855 Lagariddie
1363 2791 1796 2854 (Tafel-Thomas
1826 2792 1903 2855 ΙΙΙ,
1934 2808 1983 2858 p.
2018 2808 2325 2857 399—400‚

143 2864 242 2914 No.
277 2881 407 2930 3923
447 2866 687 2915 Itine'rair.
721 2866 875 2930 franc.
908 2867 986 2915 ed.
1020 2866 1299 2915 Michelant
1327 2878 1373 2915 et
1403 2866 1661 2932 Molinier,
1693 2867 1904 2917 Geneve
1944 2868 2098 2932 1882,
2137 2884 2186 2933 p.
2222 2884 2321 2932 255

141 2940 351 3004 —256;
396 2939 456 2990 cf.
488 2941 734 2990 Archives
761 2941 808 2990 d.
838 2941 977 2990 miss.
1005 2940 1218 2992 scientif.
1248 2941 1304 3004 ΙΙ,
1335 2958 1384 3006 p.
1419 2941 1556 3007 373).
2177 2939 2326 2989 1460

239 3027 388 3077 1286
415 3030 524 3079 Jan.
557 3030 791 3080 Nicosiae
812 3030 1039 3095 (gallice).
1071 3057 1143 3064 -—
1171 3030 1452 3091 Henri(cus
1481 3031 1554 3095 ΙΙ),
1575 3047 1659 3080 rex
1679 3030 2325 3098 Hierosolymi1a1101·um1)

143 3114 192 3151 et
235 3103 568 3170 Cypriorum,
612 3120 705 3170 pro
745 3105 915 3154 anima
955 3105 1197 3154 avunculi
1239 3105 1315 3153 sui
1357 3104 1546 3154 scilicet
1586 3106 1882 3170 Bauduin(i)
1927 3106 2158 3171 d'lbelin,
2199 3107 2323 3155 olim

143 3180 503 3228 constabularii
534 3181 678 3245 regni
709 3179 1168 3246 Hierosolymitani
1198 3192 1246 3228 et
1274 3180 1469 3246 Cyprii,
1501 3180 1552 3229 in
1583 3182 1791 3230 ecclesia
1832 3182 1880 3231 S.
1913 3182 2137 3247 Sophiae
2170 3181 2325 3229 Nico-

142 3252 296 3302 siensi
325 3253 568 3304 clericum
596 3255 823 3319 sigillans
852 3254 1134 3317 constituit,
1167 3253 1257 3319 qui
1287 3255 1524 3304 divinum
1553 3256 1787 3306 officium
1829 3257 2062 3321 quotidie
2104 3256 2323 3305 celebra-

142 3338 289 3376 turus
328 3328 612 3379 redditibus
653 3329 959 3378 balneorum
1001 3329 1270 3392 nigrorum
1313 3330 1524 3393 fruatur,
1556 3347 1687 3395 quae
1716 3332 1841 3379 olim
1874 3331 2083 3380 fuerunt
2114 3330 2322 3396 Aymeri

145 3401 360 3464 Barlais;
391 3403 590 3468 primus
620 3404 834 3454 clericus
864 3404 957 3453 fuit
978 3404 1223 3453 Estienne
1243 3404 1444 3453 Dur-ant
1463 3405 1840 3470 d'Auvergnas,
1861 3405 2155 3471 capellanus
2175 3404 2323 3468 regis.

148 3503 209 3509 —-
242 3476 419 3526 Balien
454 3477 686 3542 d'lbelin,
728 3478 1048 3528 senescalcus
1088 3478 1264 3545 Cypri,
1308 3479 1539 3529 Gaultier
1579 3481 1641 3529 de
1683 3480 1975 3543 Antiochia,
2018 3479 2325 3529 camerarius

144 3550 320 3617 Cypri,
351 3551 589 3602 Baudoin
618 3554 679 3603 de
710 3553 1078 3617 Nores,.10han
1107 3553 1152 3601 le
1182 3553 1307 3617 Tor,
1340 3554 1532 3604 Pierres
1562 3556 1624 3604 de
1655 3556 1836 3619 Nores,
1857 3555 2093 3604 Brimont
2113 3555 2175 3603 de
2194 3554 2325 3617 Brie,

144 3624 337 3689 Hugue
366 3626 653 3691 d'Aguilier
682 3627 775 3691 (De
806 3629 916 3677 Mas
949 3627 1111 3676 Latrie
1142 3627 1218 3692 111,
1250 3645 1297 3694 p.
1330 3630 1657 3693 669—670).
2178 3626 2317 3675 1461

270 3710 299 3767 ¹)
332 3710 419 3755 Hic
451 3727 496 3770 ¹5
522 3712 644 3770 Aug.
678 3713 785 3756 1280
810 3712 925 3771 'l'yri
962 3727 1040 3756 rex
1078 3712 1510 3772 jerosolymitanus
1539 3725 1800 3759 coronatus
1824 3714 2111 3757 11111111111111111
2138 3714 2195 3757 de
2223 3714 2323 3757 lbe-

144 3767 240 3813 lino
277 3771 565 3815 avunculum
601 3771 1007 3816 constabularium
1044 3771 1088 3815 iu
1124 3772 1272 3816 'serra
1309 3774 1483 3818 Sancta
1521 3774 1706 3832 reliquit
1753 3776 1953 3829 ((iestes
1995 3774 2037 3816 11.
2070 3773 2325 3832 Chyprois,

145 3842 188 3886 p.
216 3829 335 3886 220),
372 3830 451 3887 qui
486 3830 618 3875 annis
655 3831 965 3889 sequentibus
991 3832 1162 3890 (usque
1195 3835 1322 3892 1309)
1346 3834 1499 3878 adhuc
1526 3834 1656 3878 vivus
1683 3844 1978 3878 memoratur
2001 3832 2128 3889 (ibid.
2155 3848 2198 3890 p.
2226 3847 2324 3891 325,

150 3891 269 3991 3352),
294 3903 439 3947 quare
464 3890 624 3935 charta
651 3901 812 3935 nostra
836 3902 916 3934 aut
942 3890 1054 3934 falsa
1081 3902 1161 3935 aut
1186 3893 1337 3936 11111110
1363 3905 1472 3951 post
1497 3909 1675 3937 aunum
1712 3894 2038 3951 supradictum
2072 3892 2194 3937 edita
2221 3907 2324 3937 esse

146 3961 189 3993 Vl
228 3958 345 3992 etur.
