2684 4244
980 136 1111 194 regni
1135 137 1568 197 Hierosolymitani.
2289 146 2351 208 85

186 330 284 373 cas,
315 314 367 364 in
397 316 588 379 quibus
617 330 736 366 sunt
767 317 922 367 frena.
954 347 1025 353 —
1054 320 1348 384 Guimgius,
1369 321 1681 370 Guillelmus
1702 324 1883 383 Aruer,
1905 321 2160 382 Airaldus,
2183 321 2356 370 Aime-

186 388 319 438 ricus
348 389 555 452 sselot.1)
586 392 898 440 Guillelmus
929 394 1074 454 BarO,
1097 394 1351 444 Galterius
1381 396 1442 444 de
1472 396 1799 458 ssoterram.2)
1838 395 2046 460 Scripsit
2088 396 2356 444 Rubaldus

185 462 516 512 cancellarius
546 464 810 514 Guillelmi
842 467 997 527 (Paoli
1028 468 1061 529 I,
1094 485 1140 533 p.
1176 485 1258 533 35,
1290 470 1389 518 No.
1425 469 1524 533 33).
2242 468 2356 517 328

309 548 341 600 ¹)
375 546 501 590 Alias
526 547 671 591 Beloc
697 548 885 604 (Velox,
908 549 1117 604 Ze10x22).
1246 552 1278 607 2)
1313 551 1437 595 Alias
1462 553 1710 595 Buturran.

264 622 428 672 1157.
473 654 538 658 —
582 627 835 690 Rogerius
876 628 1106 678 Clericus
1148 630 1341 679 medias
1380 631 1565 679 domos
1605 629 1743 695 juxta
1783 630 1942 679 voltas
1983 630 2264 696 Hospitalis
2304 631 2356 680 in

184 715 309 763 ruga
364 699 413 748 S.
445 700 690 765 Stephani
746 716 1038 761 manentes,
1095 719 1265 753 coram
1311 705 1501 770 quibus
1545 705 1789 754 stationes
1834 721 1996 754 novae
2041 705 2089 754 S.
2125 704 2357 771 Sepulcri

183 772 441 837 assistunt,
471 790 599 839 quas
629 775 837 838 Rogerii
866 790 1027 826 mater
1055 778 1280 827 Fraxena
1310 779 1536 828 moriens
1573 779 1667 844 ipsi
1698 778 1970 831 dimiserat.
2012 779 2065 828 in
2095 780 2355 828 cambium

185 863 278 914 pro
306 848 465 897 domo
497 848 718 898 Goffridi
748 850 809 898 de
840 851 1060 900 Karitate
1090 853 1142 900 in
1171 869 1295 916 ruga
1327 853 1607 918 Coquinati
1648 853 1910 902 assistente
1939 853 2192 919 Hospitali
2222 852 2356 917 ejus-

183 922 302 971 dem
346 922 513 986 sigillo
556 924 791 988 apposito
836 926 983 974 tradit
1022 939 1069 974 et
1108 928 1325 976 domum
1366 927 1534 976 Pontii
1575 927 1818 976 Gaannae
1858 940 1992 976 retro
2032 928 2084 975 in
2125 925 2356 990 ejusdem

183 995 456 1061 occipi(ti)o
485 1009 532 1045 et
560 997 779 1047 domum
810 998 1053 1048 Willelmi
1083 1001 1317 1050 Palmerii
1347 1002 1399 1050 in
1439 1017 1651 1050 ascensu
1692 1017 1848 1066 rugae
1889 1001 2354 1051 Parmentariorum

182 1087 209 1118 a
242 1070 413 1119 dextra
453 1071 714 1120 sedentem
758 1084 805 1121 et
844 1090 869 1121 a
909 1074 1107 1123 sinistra
1153 1076 1333 1125 domui
1377 1075 1619 1124 Aimerici
1664 1075 1919 1124 Guittardi
1964 1076 2025 1124 de
2072 1076 2356 1124 Maumeria

182 1144 497 1193 assistentem
528 1146 779 1195 describit.
835 1148 940 1196 Has
981 1149 1133 1212 igitur
1170 1151 1362 1199 medias
1391 1151 1577 1199 domos
1607 1149 1859 1214 Hospitali
1888 1149 2035 1198 tradit
2063 1162 2110 1198 et
2138 1150 2357 1198 domum

183 1218 300 1268 dicti
320 1219 543 1269 Goffridi
574 1220 625 1268 in
656 1221 912 1270 cambium
945 1223 1139 1288 accipit,
1170 1225 1311 1289 quod
1334 1228 1648 1273 Amoramus
1677 1223 2037 1286 thesaurarius,
2058 1223 2356 1272 Willelmus

182 1293 244 1342 de
274 1292 601 1343 Bellomonte
630 1295 850 1345 consilio
881 1297 1085 1346 Geraldi
1116 1298 1374 1362 Hugonis,
1416 1298 1695 1363 Hospitalis
1724 1298 2081 1363 praeceptoris,
2111 1297 2353 1347 fecerunt.

180 1395 253 1401 —
281 1366 574 1433 Stephanus
593 1368 779 1429 Rufus,
803 1370 950 1419 frater
968 1372 1227 1420 Johannes
1258 1374 1533 1438 presbyter,
1566 1372 1715 1420 frater
1741 1372 1919 1420 Petrus
1938 1373 2000 1420 de
2020 1371 2206 1437 Opere,
2239 1372 2355 1437 Ugo

182 1442 245 1491 de
275 1442 522 1506 Asinaria,
565 1443 847 1493 Umbertus
877 1446 937 1493 de
968 1447 1078 1507 Bar,
1121 1447 1298 1495 Petrus
1327 1447 1593 1510 Salomon,
1624 1446 1904 1496 Guibertus
1933 1446 2127 1511 Papais,
2170 1446 2356 1496 Uldre-

182 1516 279 1565 dus
307 1516 537 1589 Aurifeyc,
568 1517 865 1567 Willelmus
894 1520 955 1568 de
985 1520 1265 1583 Bethleem,
1298 1521 1593 1570 Willelmus
1624 1521 1685 1569 de
1718 1520 1986 1582 Palmerio,
2028 1520 2187 1569 Palais
2217 1520 2356 1570 Gali-

181 1606 287 1640 cus.
331 1590 543 1640 Factum
584 1592 859 1642 Fulcherio
901 1595 1197 1659 patriarcha,
1239 1595 1495 1645 Balduino
1537 1595 1597 1643 ΙΙΙ
1638 1611 1753 1659 rege
1795 1593 2057 1656 (Delaville
2090 1595 2135 1643 le
2166 1594 2354 1658 Roulx,

181 1681 230 1730 p.
262 1681 496 1730 93—94,
527 1666 627 1716 No.
667 1668 726 1716 16
760 1665 837 1731 [cf.
869 1685 917 1734 p.
959 1667 1065 1732 16];
1110 1670 1277 1732 Prutz,
1309 1686 1356 1735 p.
1390 1671 1475 1734 96,
1506 1670 1605 1718 No.
1649 1669 1741 1734 15).
1771 1663 1784 1736 ΙΙ
1812 1669 1869 1717 In
1899 1669 2081 1718 dorso:
2119 1670 2267 1718 Carta
2293 1669 2355 1717 de

182 1740 487 1789 concambio
516 1740 646 1791 facto
677 1741 933 1791 Roderico
964 1743 1182 1793 Clerico.
2241 1740 2356 1790 329

262 1827 411 1877 1158
439 1830 547 1879 Jan.
583 1847 644 1895 25
679 1831 756 1879 vel
794 1829 958 1881 1159.
989 1861 1058 1866 ——
1089 1834 1248 1897 Hugo
1268 1833 1474 1881 Ybelini
1504 1849 1761 1882 consensu
1791 1832 1992 1880 Alvisae
2024 1831 2210 1894 matris,
2240 1833 2355 1881 Bal-

182 1903 327 1953 duini
357 1915 406 1952 et
436 1904 662 1954 Barisani
692 1905 900 1955 fratrum
934 1907 1116 1956 domui
1145 1906 1426 1973 Hospitalis
1465 1920 1648 1956 terram
1679 1907 1942 1971 quandam
1984 1906 2114 1955 inter
2154 1907 2355 1955 molen-

181 1978 301 2027 dina
340 1979 582 2028 desubter
617 1980 944 2029 Mirabellum
975 1994 1022 2030 et
1048 1994 1231 2030 terram
1263 1981 1450 2047 Spinae
1480 1982 1643 2042 sitam,
1676 1979 1822 2044 cujus
1851 1980 2232 2046 possessionem
2262 1980 2356 2030 sibi

181 2052 306 2101 olim
335 2052 694 2117 vindicaverat,
726 2055 997 2104 confirmat
1025 2069 1071 2105 et
1101 2056 1346 2105 omnibus
1374 2055 1565 2118 litibus,
1597 2072 1723 2120 quas
1758 2067 1861 2103 tam
1892 2055 1997 2120 ipse
2027 2071 2182 2120 quam
2218 2068 2358 2121 pater

180 2144 306 2176 suus
334 2140 510 2177 contra
538 2128 807 2194 Hospitale
837 2130 1032 2192 habuit,
1074 2131 1346 2179 renuntiat.
1377 2158 1450 2164 —
1478 2130 1711 2195 Filippus
1740 2130 1802 2178 de
1832 2129 2038 2192 Cafran,
2081 2129 2262 2178 Simon
2294 2130 2354 2178 de

181 2201 334 2268 Laay,
375 2202 552 2252 Petrus
582 2204 644 2252 de
674 2204 826 2270 Laay,
842 2204 874 2267 1)
915 2204 1165 2268 LibertttS,
1206 2206 1441 2268 paganus
1482 2205 1544 2253 de
1585 2204 1795 2267 Rohais,
1844 2203 2094 2252 Martinus
2134 2203 2355 2265 Gazella,

184 2275 450 2326 Renaldus
490 2278 551 2326 de
587 2278 780 2327 Tribus
823 2279 1154 2341 Molendinis,
1197 2280 1373 2328 Petrus
1414 2278 1673 2343 Hugonis,
1716 2278 1980 2327 Renaldus
2021 2278 2252 2327 Claudus
2294 2279 2355 2326 de

182 2350 498 2416 Tyberiade;
531 2353 592 2401 de
624 2352 859 2403 fratribus
889 2353 1195 2418 Hospitalis:
1227 2353 1452 2403 Garinus
1481 2354 1543 2402 de
1574 2353 1745 2401 Melna
1775 2365 2089 2418 praeceptor,
2120 2351 2356 2414 A(mora-

184 2424 316 2488 mus)
360 2425 722 2489 thesaurarius,
769 2428 831 2477 G.
864 2427 1231 2491 Accon(ensis),
1277 2429 1329 2476 Ρ.
1371 2428 1432 2476 de
1475 2427 1524 2476 S.
1557 2427 1732 2490 Maria,
1779 2428 1956 2476 Petrus
2008 2427 2355 2491 Burgunnun.

183 2499 394 2549 Factum
426 2499 720 2565 A(malrico)
751 2502 1094 2568 patriarcha,²)
1125 2501 1382 2551 Balduino
1413 2502 1473 2550 III
1502 2519 1618 2566 rege
1649 2500 1912 2564 (Delaville
1940 2502 1986 2549 le
2013 2501 2201 2564 Roulx,
2222 2517 2269 2566 p.
2289 2502 2355 2563 96

182 2590 345 2638 -97,
376 2575 476 2624 No.
519 2578 578 2625 18
612 2574 689 2640 [cf.
722 2593 770 2642 p.
812 2575 918 2641 16];
962 2578 1129 2639 Prutz,
1162 2594 1209 2642 p.
1242 2577 1476 2640 96—98,
1507 2577 1607 2625 No.
1649 2577 1706 2624 16
1740 2574 1816 2639 [ad
1860 2573 2043 2640 1158]).
2244 2574 2358 2622 330

309 2661 341 2714 ¹)
373 2658 500 2703 Alias
525 2658 657 2719 Loja,
681 2659 809 2719 Laja,
832 2662 978 2719 Laay,
1002 2661 1194 2717 Lahaix,
1223 2662 1398 2718 Loges,
1422 2659 1540 2719 Aja‘?
1681 2662 1716 2715 2)
1751 2658 1824 2703 Cf.
1848 2660 2031 2702 ZDPV.
2057 2659 2114 2715 X,
2148 2673 2191 2716 p.
2217 2658 2358 2716 7—-83

182 2728 323 2763 antea
346 2717 500 2763 fuerat
522 2718 654 2777 prior
677 2720 723 2763 S.
748 2719 1010 2778 Sepulchri.

319 2834 350 2860 „
429 2798 590 2864 April.
607 2815 690 2848 21.
711 2799 962 2849 Laterani.
982 2828 1053 2833 —-
1072 2800 1330 2848 Adrianus
1357 2799 1422 2849 IV
1438 2798 1659 2861 Amelio,
1679 2798 1843 2847 abbati
1866 2798 2077 2847 fratrum
2104 2797 2152 2846 S.
2170 2797 2358 2846 Mariae

184 2873 393 2922 Latinae
414 2872 932 2940 Hierosolymitanae,
955 2874 1233 2940 privilegia,
1254 2872 1363 2938 jura
1392 2886 1439 2922 et
1459 2873 1812 2939 possessiones
1831 2871 2115 2934 confirmat,
2136 2888 2358 2937 quarum

184 2947 237 2996 in
256 2963 477 2997 numero
498 2948 853 2997 ultramarinas
871 2962 1043 2998 vocat:
1074 2949 1315 2997 stationes
1334 2948 1570 2997 ecclesiae
1591 2947 1799 2996 Latinae
1820 2947 2105 3012 contiguas,
2127 2946 2357 3002 furnum,

184 3022 429 3088 palatium
458 3020 595 3086 juxta
624 3035 823 3088 portam
855 3023 902 3072 S.
936 3023 1180 3088 Stephani
1210 3040 1235 3071 a
1267 3023 1409 3088 plaga
1446 3022 1666 3081 australi,
1708 3022 1893 3071 domos
1924 3035 2037 3087 post
2068 3021 2190 3070 illud
2222 3021 2355 3086 pala-

183 3096 331 3159 tium,
360 3113 514 3162 supra
543 3113 755 3146 murum
786 3098 924 3146 urbis
955 3096 1088 3160 juxta
1130 3097 1262 3145 idem
1296 3097 1537 3162 palatium
1572 3112 1736 3160 usque
1765 3096 1826 3144 ad
1856 3096 2136 3144 secundam
2167 3108 2358 3143 turrem

186 3187 456 3220 murorum
486 3183 534 3220 et
561 3188 619 3220 ex
649 3172 800 3220 altera
831 3184 969 3237 parte
1001 3172 1263 3221 ecclesiam
1294 3171 1342 3220 S.
1365 3171 1609 3236 Stephani
1641 3169 1775 3233 juxta
1805 3170 1954 3233 viam,
1982 3186 2113 3234 quae
2143 3171 2203 3217 ab
2236 3171 2358 3217 urbe

184 3244 507 3294 Hierusalem
549 3246 687 3294 ducit
728 3246 1016 3311 Neapolim,
1060 3246 1308 3310 hospitale
1350 3244 1486 3308 juxta
1527 3245 1743 3294 eandem
1787 3244 1936 3302 viam,
1981 3245 2189 3292 hortum
2232 3244 2360 3291 inter

184 3320 404 3369 eandem
432 3320 697 3369 ecclesiam
727 3333 774 3368 et
805 3322 1002 3383 urbem,
1032 3322 1209 3369 hortos
1229 3332 1275 3368 et
1294 3320 1467 3368 vineas
1488 3320 1540 3368 in
1560 3319 1815 3368 territorio
1838 3318 1975 3367 urbis
1994 3334 2112 3366 cum
2135 3318 2359 3371 decimis.

182 3393 341 3443 casale
384 3394 570 3443 Belfair
610 3394 742 3457 («vel
776 3394 818 3442 fa
849 3395 1039 3443 circum
1071 3411 1189 3443 cum
1220 3394 1454 3455 vineis»),
1496 3394 1769 3442 dimidium
1814 3393 1971 3441 casale
2013 3393 2062 3441 S.
2095 3392 2357 3457 Euthymii

189 3467 323 3530 juxta
350 3469 672 3529 Bethlehem,
704 3467 863 3517 casale
895 3469 946 3517 in
976 3468 1228 3517 territorio
1260 3467 1641 3531 Blanchegarda
1674 3467 1938 3532 privilegio
1966 3466 2165 3515 comitis
2187 3466 2359 3513 Amal-

186 3543 273 3591 rici
302 3542 684 3606 confirmatum,
715 3543 766 3591 in
798 3544 922 3592 urbe
944 3543 1120 3609 Lydda
1143 3543 1205 3592 VI
1233 3556 1512 3591 carrucatas
1542 3555 1717 3603 terrae,
1748 3542 1947 3602 domos,
1979 3541 2171 3595 hortos,
2203 3540 2358 3588 ecclc—

185 3617 311 3666 siam
351 3617 587 3666 Latinam
626 3619 941 3683 Joppensem
981 3634 1099 3665 cum
1146 3617 1405 3676 domibus,
1453 3618 1602 3665 horto
1648 3629 1694 3664 et
1739 3616 1797 3663 Ill
1840 3616 2122 3669 carrucatis,
2169 3628 2358 3662 turrem

186 3691 393 3740 Latinae
423 3691 476 3740 in
503 3692 756 3741 territorio
775 3693 1051 3741 Caesareae
1082 3704 1127 3739 et
1156 3691 1332 3750 casale,
1353 3692 1495 3756 quod
1517 3691 1608 3739 fuit
1629 3690 1901 3747 Eustachii,
1924 3703 2102 3737 terram
2127 3690 2176 3736 in
2198 3690 2360 3736 Cocto

186 3766 394 3829 (Caeto),
436 3767 805 3831 possessiones,
847 3782 973 3830 quas
1016 3765 1281 3831 privilegio
1322 3766 1659 3814 dominorum
1701 3765 1975 3812 Caesareae
2008 3763 2286 3828 possident,
2318 3763 2361 3812 C

187 3839 430 3890 bisantios
459 3841 675 3904 Neapoli
706 3840 970 3888 annuatim
1002 3839 1344 3904 accipiendos,
1375 3839 1637 3887 ecclesiam
1672 3838 1809 3886 urhis
1840 3837 2002 3902 Beryti
2035 3853 2150 3884 cum
2185 3836 2358 3891 hortis,

187 3914 450 3964 ecclesiam
483 3915 534 3962 in
566 3917 689 3964 urbe
720 3915 955 3963 Gibeleto
985 3927 1030 3962 ct
1062 3914 1287 3976 hortum,
1331 3913 1591 3962 ecclesiam
1638 3912 1866 3960 Latinam
1910 3912 1959 3959 in
2005 3912 2179 3959 Monte
2218 3927 2357 3977 pcrc-
