2684 4244
954 184 1085 241 regni
1108 183 1542 243 illerosolymitani.
2231 192 2323 238 281

161 367 402 431 Orientis,
456 368 613 417 alium
669 384 790 417 vero
844 368 1134 433 praesulem
1186 366 1617 416 Nestorianorum
1662 382 1751 433 per
1794 384 2015 432 regnum
2059 367 2333 417 sacerdotis

159 441 419 491 Johannes
448 442 800 508 dispersorum
827 441 1015 490 litteras
1056 441 1252 489 misisse
1282 453 1330 489 et
1359 440 1497 489 fratri
1525 441 1795 490 Willelmo
1824 443 1886 491 de
1917 444 2096 492 Monte
2126 442 2334 491 Ferrato

160 531 279 565 cum
307 516 345 564 11
374 515 610 565 fratribus
638 516 774 583 apud
816 532 937 565 eum
978 515 1422 565 commorantibus
1462 516 1668 580 plenam
1709 516 2056 565 obedientiam
2096 516 2334 565 ecclesiae

161 590 426 639 Romanae
455 590 765 656 promisisse,
807 606 1015 639 necnon
1044 590 1300 654 quosdam
1330 589 1503 637 fratres
1532 590 1594 638 ad
1625 591 1962 656 patriarcham
1990 591 2335 640 Jacobitarum

160 664 382 730 Aegypti
423 664 570 714 ivisse
600 677 647 714 et
677 663 956 714 Maronitas
985 665 1047 713 ad
1089 663 1353 712 ecclesiam
1392 663 1628 725 rediisse3
1686 664 1913 730 denique
1954 665 2174 728 nuntiat,
2217 681 2335 713 cum

159 737 405 802 magistro
446 738 615 788 socios
651 738 759 802 ejus
788 737 1073 788 Geraldum
1113 737 1355 787 clericum
1396 750 1443 786 et
1483 737 1686 787 fratrem
1726 740 1985 788 Juvanum
2027 755 2336 788 conversum

159 824 397 862 mortuos
426 830 534 862 esse
564 812 871 876 (Matthaeus
900 812 1036 862 Paris
1066 812 1142 875 III,
1172 828 1222 878 p.
1256 813 1576 876 396—399;
1608 812 1877 862 Albericus
1907 813 1959 862 in
1991 815 2135 862 Mon.
2157 813 2332 863 Germ.

164 885 251 935 SS.
283 886 460 950 XXIII,
490 904 539 953 p.
572 903 911 952 941-9423
955 887 1170 949 Echard,
1202 886 1290 935 SS.
1322 902 1495 935 rerum
1529 886 1804 936 praedicat.
1836 887 1870 950 I,
1912 904 1960 953 p.
2003 904 2184 952 104—
2211 888 2333 948 1063

159 960 216 1009 L.
248 961 543 1025 Moshemii,
575 961 705 1011 Hist.
735 961 928 1010 Tartar.
962 960 1157 1024 eccles,
1188 977 1303 1026 app.
1336 977 1384 1026 p.
1420 961 1651 1025 36—38,
1694 962 1794 1010 No,
1829 963 1886 1023 63
1931 962 1990 1010 cf.
2023 974 2253 1028 excerpta
2283 961 2336 1010 in

159 1035 347 1084 Annal.
369 1036 557 1085 Colon.
589 1052 718 1085 max.
751 1035 804 1084 in
834 1037 980 1085 Mon.
1003 1035 1176 1085 Germ.
1200 1035 1287 1084 SS.
1308 1034 1462 1099 XVII,
1495 1052 1543 1101 p.
1568 1036 1699 1100 8463
1731 1035 1928 1085 Chron.
1960 1037 2096 1100 regia
2125 1036 2334 1095 Colon.,

160 1125 209 1175 p.
245 1110 380 1172 270).
2189 1107 2337 1157 1075

243 1204 389 1254 1237
420 1207 579 1273 April.
621 1224 697 1260 17.
742 1206 991 1255 Laterani.
1021 1234 1092 1240 —
1123 1205 1406 1271 Gregorius
1447 1205 1514 1254 IX
1556 1206 1906 1270 (3011131111οὲ)
1948 1207 2337 1273 archiepiscopo

161 1292 209 1329 et
234 1280 595 1331 archidiacono
612 1281 945 1344 Caesariensi,
962 1296 1129 1346 quum
1148 1279 1558 1330 Bethlemitanus
1578 1280 1854 1347 episcopus
1873 1282 2038 1330 bonae
2059 1282 2338 1330 memoriae

161 1354 214 1403 in
243 1355 600 1421 appellationis
629 1372 794 1419 causa,
825 1371 956 1420 quae
985 1354 1116 1404 inter
1144 1354 1408 1403 ecclesiam
1448 1355 1877 1404 Bethlemitanam
1919 1373 1979 1404 ex
2022 1372 2122 1405 una
2157 1369 2203 1404 et
2231 1372 2339 1404 ma-

162 1428 379 1492 gistrum
409 1443 455 1479 et
484 1430 657 1479 fratres
686 1429 735 1479 S.
765 1429 1016 1479 Johannis
1044 1446 1102 1478 ex
1133 1429 1284 1478 altera
1314 1441 1452 1495 parte
1482 1430 1544 1478 de
1574 1429 1889 1494 quibusdam
1924 1430 2339 1496 possessionibus

161 1503 387 1567 vertitur,
408 1520 582 1554 coram
600 1521 730 1571 papa
749 1516 1063 1553 contestatus
1083 1503 1250 1568 fuerit,
1270 1502 1413 1552 litem
1431 1504 1602 1554 adhuc
1621 1504 1809 1569 vigere,
1830 1506 2055 1568 mandat,
2078 1517 2133 1554 ut
2152 1505 2338 1554 dictam

161 1576 303 1627 litem
331 1578 617 1645 disceptent
650 1578 843 1643 judicio
872 1591 920 1628 et
948 1580 1009 1628 de
1039 1577 1231 1643 judicio
1272 1578 1374 1627 lato
1414 1578 1634 1628 referant
1675 1578 1846 1642 (Dedit
1876 1580 2067 1629 Comes
2097 1580 2252 1628 Riant
2281 1597 2338 1628 ex

162 1651 290 1717 Reg.
322 1652 538 1718 Gregor.
570 1654 653 1719 IX,
684 1669 824 1702 anno
853 1654 956 1717 XII,
988 1652 1076 1703 fol.
1110 1670 1187 1717 ov
1220 1665 1268 1702 et
1306 1653 1436 1717 101).
2191 1651 2340 1701 1076

298 1778 329 1803 ,‚
408 1746 544 1806 Aug.
576 1760 651 1807 19,
681 1742 785 1792 ind.
807 1742 873 1793 IV
903 1743 998 1805 (X).
1041 1743 1248 1792 Januae.
1278 1770 1351 1776 —
1378 1742 1698 1806 Lantelmus,
1736 1742 1967 1792 notarius
1997 1744 2122 1792 sacri
2150 1742 2338 1810 palatii,

162 1815 224 1864 de
253 1817 498 1867 mandato
525 1817 698 1867 Jacobi
727 1817 789 1866 de
818 1816 936 1866 Alta
965 1817 1129 1881 Cima,
1160 1815 1343 1880 J'udicis
1372 1829 1421 1865 et
1449 1817 1732 1881 assessoris,
1763 1817 1962 1866 Oldrati
1992 1818 2052 1867 de
2081 1818 2340 1885 Treyeno,

163 1889 375 1940 civitatis
402 1891 594 1941 Januae
635 1892 914 1958 potestatiS,
958 1891 1172 1940 testibus
1216 1891 1471 1955 Girondo,
1518 1891 1800 1958 patriarcha
1843 1892 2338 1959 Hierosolymitano,

164 1963 428 2030 O(thone),
449 1966 836 2033 archiepiscopo
855 1966 1115 2029 Januensi,
1136 1965 1476 2030 sigillantibus
1505 1978 1553 2015 et
1581 1967 1633 2031 I.,
1665 1967 1910 2033 episcopo
1936 1967 2208 2034 paphensi,
2239 1967 2342 2034 pri—

162 2039 409 2105 vilegium
448 2057 603 2107 supra
643 2040 759 2104 (No.
794 2041 918 2105 471)
959 2041 1227 2090 laudatum
1266 2040 1579 2090 transscribit
1620 2054 1666 2091 et
1705 2041 1976 2091 confirmat
2017 2042 2180 2105 (Mon.
2223 2042 2338 2092 hist.

159 2114 367 2179 patriae,
398 2115 617 2165 Chartae
646 2115 680 2180 I,
711 2132 759 2181 p.
793 2117 1100 2180 858—859,
1132 2116 1230 2164 No.
1268 2115 1403 2180 544).
2193 2114 2339 2164 1077

296 2241 327 2266 ‚,
407 2203 591 2254 Octob.
614 2204 839 2269 (gallice).
868 2233 941 2239 —
970 2204 1131 2253 Henri
1162 2205 1196 2269 I,
1228 2221 1313 2254 rex
1341 2205 1517 2273 Cypri,
1547 2204 1854 2269 Balian(um)
1885 2205 2142 2270 d'Ybelin,
2172 2206 2341 2256 domi-

161 2294 290 2328 num
319 2279 381 2328 de
411 2279 604 2328 Baruth
634 2292 682 2328 et
710 2279 869 2346 Cypri
898 2279 1354 2343 constabularium,
1394 2296 1600 2329 necnon
1627 2280 1900 2329 Eschivam
1931 2281 1992 2329 de
2025 2280 2341 2330 Mombelian

161 2352 410 2417 (uxorem)
440 2370 466 2402 a
495 2370 546 2402 se
576 2353 689 2420 ipso
718 2355 861 2403 dono
890 2354 1142 2419 accepisse
1173 2353 1352 2403 casalia
1381 2354 1609 2419 Esteriga
1638 2367 1686 2404 et
1711 2355 2048 2404 Paleochorio
2086 2368 2132 2404 et
2161 2356 2340 2404 eadem

160 2443 251 2493 per
302 2444 518 2477 manum
564 2427 864 2492 Guille(lmi)
910 2429 971 2478 de
1016 2428 1212 2492 Forest,
1269 2428 1424 2482 unius
1469 2446 1528 2478 ex
1573 2430 2082 2479 commendatoribus
2123 2430 2338 2491 insulae,

162 2501 413 2568 Hospitali
444 2502 660 2567 dedisse,
691 2502 859 2568 sigillo
889 2502 1173 2552 confirmat.
1194 2532 1265 2537 —
1294 2503 1461 2552 Johan
1491 2504 1693 2568 d'Ybel,
1723 2503 1962 2553 Baudoin
1992 2505 2192 2568 d'Ybel,
2222 2506 2339 2554 Hue

162 2575 364 2640 d'Ybel,
386 2577 490 2627 Gui
520 2577 722 2641 d’Ybel,
753 2578 988 2644 Philippe
1019 2579 1080 2627 de
1111 2578 1350 2641 Novaire,
1382 2578 1659 2628 Guillelme
1688 2579 1986 2627 Raimondt.
2032 2580 2222 2628 Datum
2253 2596 2342 2645 per

162 2667 377 2700 manum
405 2651 685 2701 Bonvassal
714 2652 937 2715 d'Aude,
968 2652 1253 2701 cancellarii
1280 2653 1438 2719 Cypri
1470 2652 1626 2715 (paoli
1646 2653 1680 2717 I,
1702 2670 1749 2719 p.
1780 2671 1791 2702 1
1817 2670 1978 2707 17—-1
2004 2656 2080 2717 18,
2103 2654 2231 2703 Νο.1
2257 2670 2338 2713 10;

164 2725 224 2774 cf.
256 2742 304 2792 p.
342 2742 470 2792 5233
514 2726 635 2776 Lois
667 2725 762 2791 [ed.
794 2725 1048 2792 Beugnot]
1081 2727 1115 2790 I,
1147 2744 1196 2793 p.
1229 2728 1333 2777 608
1364 2727 1507 2790 1101.).
2193 2727 2341 2776 1078

299 2852 328 2877 ,‚
406 2843 479 2850 —-
518 2817 732 2866 Chanus
771 2817 1111 2866 Tartarorum
1150 2817 1410 2866 Friderico
1440 2818 1477 2865 II
1518 2817 1777 2883 scripsisse
1821 2831 2068 2882 narratur,
2120 2831 2208 2867 «ut
2247 2819 2341 2867 sibi

164 2890 469 2954 consuleret,
501 2891 745 2956 quatinus
785 2890 1017 2941 officium
1062 2891 1270 2957 aliquod
1303 2892 1356 2940 in
1384 2909 1476 2941 sua
1505 2891 1643 2941 curia
1674 2891 1880 2956 eligeret
1910 2905 1957 2941 et
1985 2893 2047 2942 de
2076 2910 2127 2942 se
2158 2906 2340 2941 terram

165 2976 411 3030 teneret»,
442 2978 489 3014 et
523 2965 814 3015 Fridericus
844 2966 883 3014 ΙΙ
924 2966 1251 3032 respondisse
1283 2965 1456 3030 fertur,
1494 2967 1670 3031 «quod
1710 2966 1826 3015 satis
1866 2966 1956 3016 scit
1995 2968 2057 3016 de
2087 2967 2266 3016 avibus
2295 2980 2341 3016 et

162 3038 292 3087 bene
337 3039 429 3088 erit
473 3038 811 3090 falconarius»
861 3040 1146 3103 (Albericus
1189 3040 1240 3089 in
1283 3042 1428 3090 Mon.
1461 3041 1635 3090 Germ.
1681 3041 1768 3090 SS.
1801 3042 1976 3105 XXIII,
2019 3059 2066 3107 p.
2100 3058 2231 3107 9433
2277 3043 2336 3091 cf.

164 3112 415 3162 Rohricht
444 3114 498 3162 in
527 3114 737 3164 Forsch.
767 3133 809 3164 z.
842 3116 1126 3165 deutschen
1156 3115 1342 3164 Gesch.
1384 3116 1535 3177 1886,
1566 3132 1614 3181 p.
1649 3118 1733 3180 98,
1765 3117 1885 3165 Not.
1927 3116 1982 3179 1).
2192 3115 2340 3163 1079

245 3208 393 3258 1238
422 3212 582 3278 April.
614 3216 808 3262 Accon.
837 3241 894 3247 —
920 3213 1174 3262 Galterius
1204 3214 1285 3277 IV,
1315 3230 1487 3262 comes
1515 3214 1846 3278 3101111011515,
1877 3215 2113 3264 fratribus
2134 3215 2340 3280 Templi

164 3285 348 3335 CCCC
388 3300 596 3351 arpenta
634 3287 759 3351 ligni
802 3288 1036 3336 concedit
1065 3300 1111 3336 et
1148 3288 1428 3337 confirmat.
1459 3317 1527 3321 -—
1558 3289 1879 3353 Eustorgius,
1922 3290 2339 3355 archiepiscopus

165 3358 497 3425 NicosiensiS,
529 3360 648 3410 Odo
678 3362 739 3410 de
770 3361 1219 3425 Montebelliardo,
1256 3363 1662 3412 constabularius
1692 3364 1834 3426 regni
1867 3364 2339 3429 Hierosolymitani,

163 3432 420 3498 Balianus,
466 3435 711 3485 dominus
747 3437 809 3485 de
850 3436 1042 3485 Sidone
1089 3436 1232 3498 (Bibl.
1276 3438 1336 3486 de
1376 3436 1554 3487 l'e'cole
1596 3438 1643 3486 d.
1687 3439 1883 3487 chastes
1934 3440 2084 3495 1872,
2130 3456 2175 3503 p.
2227 3456 2338 3501 174,

165 3508 264 3557 No.
307 3524 429 3567 171;
477 3509 596 3558 ibid.
629 3510 728 3559 No.
771 3512 1052 3574 169-—170
1083 3523 1130 3559 et
1161 3510 1212 3560 in
1242 3511 1441 3575 Lalore,
1473 3512 1684 3575 Cartul.,
1723 3529 1769 3577 p.
1806 3530 2014 3576 200——2
2036 3531 2109 3569 tt),
2143 3513 2239 3560 No.
2271 3515 2339 3576 48

164 3581 335 3630 videas
364 3582 482 3631 alias
512 3584 706 3633 chartas
749 3584 806 3647 (a.
849 3602 1068 3651 1235—-
1094 3586 1243 3650 1236)
1286 3589 1614 3636 Acconenses
1644 3604 1668 3635 a
1699 3587 1906 3636 Galtero
1938 3586 2171 3635 fratribus
2200 3600 2339 3634 11111ον

168 3655 312 3704 dictis
342 3658 641 3720 concessas).
2194 3659 2340 3707 1080

227 3743 245 3807 (
312 3781 341 3806 „
420 3744 436 3808 )
465 3744 562 3795 Jul.
598 3762 679 3795 20.
726 3748 1026 3813 Kenynton.
1059 3775 1130 3780 ——
1159 3748 1415 3798 Henricus
1447 3749 1522 3807 111,
1561 3766 1644 3798 rex
1677 3748 1908 3812 Angliac,
1939 3748 2109 3800 'l‘hat'.
2147 3748 2340 3796 nuncio

167 3817 363 3868 Veteris
392 3819 454 3868 de
483 3821 657 3869 Mussa
686 3821 714 3883 ¹)
747 3821 798 3870 in
829 3822 1066 3886 Angliam
1098 3835 1334 3887 venturi),
1365 3823 1688 3872 securitatem
1719 3823 1953 3871 concedit
1989 3840 2043 3870 ac
2072 3822 2336 3870 continuat

168 3892 378 3958 (Rymer
406 3893 499 3958 IA,
530 3911 579 3960 p.
614 3896 751 3959 236).
2194 3895 2332 3943 1081

294 3980 325 4032 ¹)
361 3979 416 4022 de
442 3979 697 4037 Montanis,
721 3978 815 4024 sive
841 3981 1186 4025 assassinorum
1203 3988 1219 4023 ’.θ
