2684 4244
332 171 434 237 376
1263 162 1558 220 Regesta

325 354 595 404 incitatum
614 353 811 402 civitate
828 351 1031 418 Tripoli
1058 363 1134 400 ter
1161 351 1315 418 potiri
1345 364 1591 402 conatum
1621 352 1790 405 fuisse.
1831 352 2063 402 Primum
2093 352 2232 402 enim
2259 352 2498 418 magister

323 428 595 478 hominem
637 442 794 476 suum
836 425 1020 490 ligium
1062 426 1157 475 Pol
1197 425 1445 476 Elteffaha
1487 427 1550 475 ad
1595 426 1898 477 Guidonem
1940 426 2162 491 miserat,
2206 442 2366 493 quem
2406 427 2497 477 ad-

323 513 576 565 moneret,
607 514 663 550 ut
689 500 941 549 civitatem
969 499 1109 548 illam
1138 512 1354 566 caperet,
1384 512 1433 549 et
1461 500 1707 550 dominus
1747 501 1809 550 de
1849 499 2052 551 Gibelet
2092 516 2213 550 cum
2251 500 2498 552 Guidone

323 577 386 625 de
416 574 675 639 Montolif,
705 574 794 639 qui
824 574 1176 640 pollicebatur,
1207 591 1258 623 se
1289 587 1488 640 portam
1524 574 1574 624 S.
1606 574 1871 624 Michaelis
1901 586 2272 640 occupaturum
2301 586 2351 624 et
2377 590 2499 626 eum

322 649 392 699 ibi
411 660 821 715 exspectaturum
837 665 963 712 esse,
980 664 1101 698 cum
1115 648 1378 712 Henri(co)
1395 649 1607 713 Mamol,
1621 648 1860 698 Franceis
1875 649 2140 713 d’ArcheS,
2156 648 2325 699 Pierre
2338 649 2498 699 Fran-

326 735 446 788 cart,
465 723 634 773 Pierre
652 723 855 789 JaqueS,
875 722 1071 772 civibus
1088 723 1442 789 TripolitaniS,
1473 739 1680 773 necnon
1709 739 1829 772 cum
1854 723 2088 773 Johanne
2108 724 2296 788 Arobe,
2313 722 2497 774 clerico

320 798 546 864 Templi,
588 809 636 846 et
672 797 909 846 Johanne
949 797 1012 846 de
1050 797 1334 861 Brabantia,
1374 797 1545 864 priore
1584 797 1793 863 Templi
1819 797 2163 863 Tripolitano,
2208 797 2496 848 societatem

321 872 448 922 iniit.
494 871 594 921 Sed
623 888 788 936 quum
819 871 1066 921 dominus
1093 872 1155 921 de
1175 871 1411 922 Gibeleto
1439 871 1650 936 signum
1679 873 1741 921 de
1770 872 1930 921 domo
1947 871 2158 938 Templi
2187 872 2363 922 datum
2390 886 2499 922 non

322 946 780 1011 animadvertisset,
811 946 989 996 Guido
1018 946 1081 995 de
1111 945 1362 996 Montolif
1394 946 1542 996 illum
1571 946 1898 1012 quaesiturus
1925 962 2101 996 versus
2129 945 2383 997 Calamon
2407 944 2502 996 iter

323 1020 537 1086 arripuit
566 1033 614 1069 et
641 1021 851 1069 tandem
880 1020 925 1069 ei
962 1020 1092 1069 inter
1119 1020 1331 1086 Nephin
1360 1032 1407 1069 et
1434 1021 1547 1088 Puy
1575 1022 1680 1070 dou
1710 1019 2019 1071 Conestable
2060 1020 2298 1071 occurrit.
2339 1020 2500 1070 Paulo

322 1107 438 1161 post
458 1094 608 1144 frater
625 1094 834 1160 Templi
853 1095 1091 1159 (E)stiene
1111 1107 1159 1144 et
1175 1095 1436 1144 Johannes
1456 1097 1628 1145 Arobe
1648 1095 1951 1146 Guidonem
1971 1095 2239 1145 certiorem
2258 1094 2501 1159 fecerunt,

322 1169 566 1219 comitem
594 1168 983 1235 Tripolitanum
1012 1182 1288 1234 aegrotare,
1334 1181 1397 1234 et,
1439 1182 1495 1219 ut
1534 1170 1761 1219 celeriter
1787 1170 2000 1234 veniret,
2041 1180 2500 1235 commonuerunt,

321 1245 411 1294 sed
439 1260 609 1293 errore
647 1256 694 1292 et
733 1261 852 1293 casu
891 1243 1326 1293 intercedentibus
1366 1243 1514 1293 novis
1555 1243 1637 1294 ille
1676 1244 1936 1311 Tripolim
1975 1260 2084 1294 non
2124 1243 2271 1310 cepit.
2323 1243 2502 1295 Tertio

322 1318 563 1383 magister
578 1318 788 1384 Templi
807 1318 1128 1368 Ferrandum
1156 1318 1416 1383 (Ferrant),
1445 1318 1648 1368 socium
1676 1318 2036 1383 Ruideeuer,1)
2065 1317 2502 1368 commendatoris

321 1393 529 1459 Templi
556 1392 882 1459 Tripolitani,
903 1393 965 1442 ad
995 1392 1294 1443 Guidonem
1324 1393 1387 1442 de
1415 1392 1617 1443 Gibelet
1642 1393 1796 1458 misit,
1827 1393 1917 1459 qui
1947 1409 2069 1443 eum
2096 1393 2397 1460 impelleret,
2430 1405 2502 1458 ut,

323 1468 467 1533 quod
487 1467 652 1517 dictus
670 1466 764 1517 Pol
781 1467 1029 1516 Elteffaha
1048 1483 1220 1517 coram
1241 1467 1469 1532 suaserit,
1490 1467 1733 1534 perficere
1753 1484 1864 1518 non
1883 1467 2122 1531 differret,
2144 1480 2191 1517 et
2209 1467 2505 1518 Ruidecuer

325 1541 552 1609 epistolis
582 1541 772 1606 multiS,
804 1542 1076 1607 quomodo
1104 1557 1183 1591 res
1199 1541 1553 1607 Tripolitanae
1583 1559 1635 1591 se
1664 1543 1925 1608 haberent,
1955 1542 2001 1591 ei
2030 1542 2312 1592 nuntiabat.
2353 1541 2504 1592 Prae·
2535 1575 2538 1577 -

322 1628 458 1684 terea
486 1615 727 1680 magister
753 1617 968 1680 Artaud,
1007 1616 1483 1666 commendatorem
1512 1616 1722 1681 Templi
1749 1620 2127 1682 Acconensem,
2157 1629 2206 1666 et
2233 1616 2509 1667 Simonem

323 1692 387 1740 de
414 1691 641 1755 Farabel,
674 1690 848 1740 fratres
875 1690 1101 1757 Templi,
1143 1691 1207 1739 ad
1235 1690 1543 1741 Guidonem
1572 1691 1855 1755 destinavit,
1887 1691 1977 1757 qui
2006 1707 2128 1740 eum
2159 1702 2419 1757 urgerent,
2447 1701 2504 1741 ut

322 1764 583 1831 Tripolim
613 1778 902 1831 occuparet,
931 1780 1100 1830 quum
1128 1764 1293 1815 dictus
1321 1765 1414 1814 Pol
1443 1782 1565 1815 mox
1591 1778 1924 1816 succurreret.
1967 1765 2145 1816 Guido
2173 1781 2263 1832 per
2288 1780 2503 1815 manum

325 1839 627 1904 Domingue
671 1840 862 1905 Peque,
917 1839 1355 1889 commendatoris
1396 1839 1817 1906 Templariorum
1861 1839 2291 1904 Gibeletensium,
2341 1839 2505 1890 fratris

325 1914 499 1964 Stiene
528 1926 576 1963 et
603 1913 780 1979 Guiot,
810 1914 960 1963 valeti
988 1914 1244 1964 castellani
1261 1914 1605 1979 Tortosani‚2)
1635 1914 1797 1964 fratris
1814 1915 2041 1981 Aymari,
2071 1914 2232 1964 fratris
2260 1913 2504 1981 Symonis

329 1989 392 2038 de
420 1987 631 2038 Farabel
660 2001 707 2038 et
734 1988 1024 2039 turcomani
1060 1987 1332 2053 cujusdam
1360 1989 1427 2040 IV
1454 1989 1819 2055 palafrenarios
1846 1988 2104 2055 Tripolim
2133 1988 2285 2055 misit,
2314 1988 2505 2055 quibus

322 2063 616 2112 recentibus
645 2076 693 2112 et
731 2063 957 2128 integriS,
999 2063 1041 2112 si
1070 2080 1205 2129 opus
1245 2075 1390 2128 esset,
1435 2063 1489 2113 in
1534 2064 1670 2114 bello
1713 2076 1956 2129 uteretur,
2002 2075 2050 2114 et
2092 2063 2280 2114 deinde
2323 2063 2505 2113 certior

323 2138 501 2203 factUS,
532 2137 774 2187 comitem
803 2138 857 2187 in
885 2154 1052 2187 arcem
1091 2137 1245 2187 Nefin
1285 2138 1482 2202 abiisse,
1524 2139 1764 2188 columba
1805 2137 2131 2188 internuncia
2169 2154 2379 2188 necnon
2416 2153 2506 2205 per

322 2213 550 2278 legatum
578 2228 734 2262 suum
762 2213 1052 2278 Jaquemin,
1084 2212 1289 2262 fratrem
1318 2213 1411 2262 Pol
1436 2212 1686 2262 Elteffaha
1708 2213 1743 2277 3)
1784 2212 1922 2278 adiit,
1962 2225 2019 2263 ut
2046 2213 2372 2276 acceleraret;
2414 2211 2506 2278 qui

323 2287 455 2336 inter
507 2286 758 2337 Sidonem
805 2300 852 2337 et
894 2286 1178 2351 Barut(um)
1232 2287 1428 2337 nuntiis
1479 2288 1697 2354 acceptis
1740 2303 1860 2337 cum
1902 2286 2255 2354 Raymund(o)
2298 2286 2502 2352 Pignac,

325 2361 794 2411 arbalestrariorum
838 2363 985 2427 duce,
1028 2362 1278 2428 Galande,
1319 2362 1559 2412 Franceis
1597 2363 1694 2412 Bes
1734 2374 1782 2412 et
1820 2362 1994 2411 multis
2037 2361 2240 2411 armatis
2283 2360 2502 2412 advenit.

326 2436 428 2486 Sed
457 2452 624 2501 quum
656 2436 821 2486 dictus
851 2436 1028 2487 Guido
1058 2437 1193 2487 notis
1221 2437 1581 2487 secretioribus
1609 2436 1876 2487 arcessitus
1915 2437 2126 2502 adesset,
2168 2436 2505 2486 commenda-

324 2524 460 2560 tores
477 2511 686 2577 Templi
706 2512 813 2560 duo
842 2512 978 2561 abire
1007 2511 1333 2576 simulabant,
1354 2511 1496 2578 prior
1512 2512 1792 2562 Tortosam
1817 2539 1891 2547 -—
1918 2511 2008 2560 sed
2035 2511 2259 2561 insulam
2287 2510 2338 2561 S.
2357 2510 2504 2560 Tho-

325 2602 438 2635 mae
475 2586 724 2652 appulsus
753 2598 826 2635 est
852 2614 941 2651 —,
970 2586 1094 2635 alter
1120 2586 1174 2635 in
1203 2587 1439 2636 Montem
1468 2586 1637 2651 Cum,
1667 2602 1771 2652 qua
1797 2602 1850 2635 re
1880 2585 2056 2636 Guido
2083 2585 2199 2635 illos
2226 2585 2281 2635 in
2309 2584 2504 2635 civitate

327 2675 437 2709 non
466 2659 662 2709 invenit
690 2672 752 2724 et,
783 2677 834 2709 se
864 2660 1130 2727 proditum
1150 2677 1274 2725 esse,
1294 2661 1506 2727 putavit.
1535 2661 1776 2710 Tandem
1792 2676 1915 2727 pace
1935 2676 2054 2710 cum
2073 2658 2303 2726 principe
2321 2659 2505 2710 Antio-

326 2734 494 2784 cheno
524 2746 572 2784 et
599 2734 789 2784 comite
817 2735 1145 2802 Tripolitano
1175 2735 1302 2784 facta
1340 2735 1637 2802 promittere
1677 2747 1883 2785 coactus
1923 2747 2011 2799 est,
2053 2747 2109 2784 ut
2135 2733 2429 2785 Gibeletum
2457 2747 2506 2784 et

325 2820 485 2857 totam
502 2821 688 2858 terram
705 2826 852 2859 suam
873 2809 1173 2875 relinquens
1192 2809 1351 2859 abiret
1379 2822 1427 2859 et
1454 2809 1723 2860 honestius
1750 2809 1974 2859 vivendo
2002 2824 2214 2875 operam
2241 2809 2396 2872 daret,
2414 2808 2504 2858 sed

326 2900 353 2932 a
380 2882 624 2947 magistro
654 2883 921 2934 Guilelmo
950 2884 1137 2933 iterum
1167 2884 1422 2949 incitatUS,
1458 2901 1486 2934 a
1514 2901 1621 2950 quo
1651 2884 1972 2935 frumentum
2001 2895 2050 2933 et
2075 2883 2334 2933 hordeum
2363 2898 2505 2932 acce—

326 2970 482 3024 perat,
523 2957 718 3007 Pisanis
757 2959 954 3009 bellum
981 2958 1169 3008 inferre
1199 2959 1382 3026 coepit.
1411 2987 1485 2994 -—
1512 2959 1633 3009 Hue
1662 2958 1859 3019 ordinis
1899 2958 2187 3023 Minorum,
2228 2957 2504 3024 episcopus

327 3032 684 3097 GibeletensiS,
726 3033 894 3082 Pierre
921 3034 1198 3099 l’Aleman,
1233 3035 1385 3083 abbas
1414 3034 1603 3083 domus
1640 3034 1933 3083 Beaumont
1970 3031 2168 3082 ordinis
2196 3031 2502 3082 Cistercien-

328 3106 465 3167 sium
493 3119 609 3156 ante
626 3106 906 3174 Tripolim,
936 3107 1109 3157 socius
1138 3107 1248 3172 ejus
1278 3108 1478 3175 Symon
1506 3108 1569 3157 de
1586 3107 1806 3174 Tripoli,
1827 3108 1979 3157 frater
1997 3105 2207 3156 Stienne
2226 3107 2288 3156 de
2305 3107 2502 3171 BarreS,

327 3180 469 3247 prior
495 3181 823 3247 provincialis
850 3182 1266 3232 Praedicatorum
1295 3182 1348 3232 in
1375 3182 1536 3232 Terra
1564 3182 1762 3248 Sancta,
1793 3181 1965 3232 socius
1993 3179 2102 3246 ejus
2130 3181 2250 3230 Hue
2276 3180 2504 3230 Proven-

328 3254 417 3320 sal,
447 3255 588 3321 prior
616 3257 906 3306 eorundem.
935 3257 1148 3306 fratrum
1167 3257 1633 3323 Tripolitanorum,
1664 3257 1813 3306 frater
1840 3256 2031 3320 Mathe,
2050 3254 2268 3304 vicarius
2287 3254 2506 3305 ministri

328 3329 541 3379 fratrum
570 3330 839 3380 Minorum
867 3331 921 3380 in
948 3332 1107 3380 Terra
1137 3331 1336 3396 Sancta,
1368 3331 1517 3381 frater
1543 3332 1703 3397 Jaque
1747 3332 1811 3380 de
1853 3329 2145 3394 Antiochia,
2188 3329 2505 3394 guardianus

329 3405 619 3453 eorundem
648 3405 1114 3471 Tripolitanorum,
1151 3406 1300 3455 frater
1337 3405 1571 3470 Jeremie,
1614 3405 1990 3455 Maronitarum
2028 3403 2326 3470 patriarcha,
2356 3403 2506 3453 frater

328 3478 606 3543 Abraham,
661 3480 1080 3546 archiepiscopus
1133 3481 1196 3529 de
1250 3478 1582 3546 Villejargon,
1636 3480 1915 3542 Yahanna,
1970 3477 2388 3544 archiepiscopus
2440 3477 2504 3527 de

328 3553 635 3620 Resshyn,4)
675 3554 845 3603 Pierre
885 3553 1081 3604 Orland
1111 3555 1174 3603 de
1206 3554 1501 3619 Valmoton,
1540 3554 1758 3603 vicarius
1786 3554 1849 3603 de
1876 3552 2095 3618 Tripoli,
2137 3552 2304 3602 Johan
2342 3551 2503 3601 Fran-

327 3644 497 3694 gepan
526 3640 574 3677 et
603 3627 815 3678 Stienne
844 3629 908 3678 de
936 3629 1085 3695 Ryet,
1116 3628 1353 3678 canonici
1380 3628 1704 3695 Tripolitani,
1746 3628 1955 3692 Robert,
1986 3626 2267 3677 canonicus
2296 3625 2504 3677 Gibele-

453 3775 487 3830 1)
520 3773 572 3817 In
596 3774 780 3831 Gestes,
805 3787 850 3831 p.
879 3788 957 3816 211
979 3784 989 3816 :
1022 3773 1284 3830 Redecuer,
1306 3772 1354 3816 in
1376 3771 1552 3817 Proces
1573 3773 1615 3816 d.
1643 3770 1908 3830 Templiers
1933 3770 2005 3814 ed.
2029 3769 2251 3815 Michelet
2271 3770 2325 3827 II,
2349 3783 2394 3827 p.
2427 3766 2502 3812 16:

328 3832 591 3877 Rodericus
616 3834 674 3877 de
699 3833 874 3892 Cuyre,
898 3831 1030 3892 cujus
1054 3831 1212 3877 socius
1235 3842 1437 3876 vocatur
1457 3831 1719 3877 Rodericus
1743 3830 1981 3875 YnanheS.
2185 3830 2218 3887 2)
2250 3829 2420 3873 Petrus
2444 3828 2503 3872 de

334 3890 579 3937 Sivriaco?
614 3892 687 3937 Cf.
711 3891 891 3937 Proces
916 3892 959 3936 d.
983 3891 1248 3951 Templiers
1271 3892 1323 3949 II,
1345 3906 1389 3950 p.
1415 3906 1493 3936 221
1523 3892 1584 3935 ad
1613 3891 1735 3939 1280.
1860 3891 1898 3949 ⁸)
1929 3889 1982 3933 In
2006 3889 2189 3947 Gestes,
2210 3902 2254 3950 p.
2281 3902 2358 3934 211
2380 3899 2390 3932 z
2412 3885 2503 3935 Pol

331 3950 547 4001 Teffaha.
684 3953 719 4016 4)
752 3952 931 4016 Aperta
952 3952 1150 4013 Edessa,
1173 3950 1359 4000 arabice
1380 3951 1555 4001 Rohas.
