2684 4244
359 137 459 187 332
1290 112 1583 171 Regesta

428 295 639 360 (1257).
668 324 741 331 ——
768 295 1058 345 Alexander
1075 295 1143 345 IV
1171 294 1390 345 soldano
1417 295 1595 360 Iconii,
1615 296 1705 361 qui
1724 296 1777 345 in
1794 294 1926 345 votis
1944 296 2160 345 habebat
2176 297 2238 346 ad
2256 295 2524 347 Christum

354 371 598 434 converti,
640 369 740 434 jam
779 381 1038 435 receperat
1075 370 1478 435 penthateucum
1509 370 1721 436 Moysis,
1762 370 2089 436 prophetiam
2116 369 2268 420 etiam
2297 370 2449 420 Isaiae
2476 382 2525 420 et

354 444 660 508 Hieremiae,
680 443 823 493 Pauli
853 442 1092 510 epistolas
1119 455 1273 509 atque
1291 443 1541 493 Johannis
1569 443 1896 509 evangelium
1924 456 1971 493 et
2000 443 2241 494 Matthaei
2270 456 2319 494 et
2345 456 2524 511 postu-

352 519 552 581 laverat,
572 530 628 567 ut
646 517 740 567 sibi
759 517 1045 567 mitteretur
1062 518 1384 568 orthodoxus
1403 516 1602 583 aliquiS,
1632 535 1660 567 a
1678 533 1785 584 quo
1813 518 1868 567 in
1894 518 2007 582 lege
2025 517 2214 568 Christi
2242 518 2390 584 quasi
2417 518 2525 568 vice

352 591 629 658 apostolica
687 591 892 657 plenius
950 591 1315 656 instrueretur,
1377 592 1681 657 respondet,
1736 608 1788 641 se
1841 591 1965 641 tales
2018 605 2416 658 procuraturum
2467 608 2526 642 ac

353 665 620 729 destinare,
641 666 730 730 qui
758 666 896 731 apud
924 682 1046 715 eum
1074 666 1129 715 in
1158 665 1387 716 doctrina
1415 682 1538 715 sana
1563 665 1698 715 vices
1725 666 2033 732 apostolicae
2062 666 2374 716 auctoritatis
2400 682 2525 733 sup—

351 740 523 806 pleant
551 739 701 805 eique
730 738 850 789 fidei
878 739 1155 789 catholicae
1194 740 1379 789 seriem
1415 751 1462 789 et
1489 752 1726 789 tenorem
1753 742 1849 790 sub
1879 740 2109 806 quodam
2137 739 2452 806 compendio
2479 751 2527 790 et

353 813 669 878 digitotenus
687 813 928 863 intiment
947 814 1230 881 (Raynaldi,
1252 814 1606 879 Annal.1257,
1630 821 1653 870 S
1678 831 1700 879 5
1715 830 1918 879 5—-723
1949 814 2189 880 Potthast,
2206 815 2307 865 No,
2336 830 2524 880 17131..

352 888 431 938 Cf.
462 904 617 954 supra
645 888 744 938 No.
775 888 941 954 1213).
2376 886 2526 937 1263

455 975 605 1025 1258
632 978 741 1027 Jan.
774 994 821 1041 9.
866 978 1150 1042 Anagniae.
1182 1007 1252 1013 —
1281 977 1573 1028 Alexander
1600 977 1668 1028 IV
1695 977 1981 1042 (Thomae),
2017 977 2263 1045 episcopo
2291 977 2526 1028 Bethlee—

351 1051 549 1100 mitano
578 1068 634 1101 ac
662 1052 712 1102 S.
742 1055 805 1102 A.
835 1052 1021 1118 legatO,
1050 1053 1276 1117 mandat,
1307 1064 1364 1102 ut
1390 1053 1689 1117 JanuenseS,
1720 1052 1948 1103 Venetos
1978 1064 2025 1101 et
2052 1052 2264 1102 Pisanos
2291 1052 2346 1102 in
2373 1051 2527 1119 parti-

352 1127 449 1175 bus
477 1126 829 1176 transmarinis
858 1127 988 1176 inter
1015 1143 1068 1176 se
1096 1126 1460 1190 dimicanteS,1)
1501 1126 1591 1192 qui
1630 1142 1752 1176 cum
1791 1126 2077 1176 fautoribus
2112 1139 2160 1176 et
2187 1125 2527 1194 complicibus

350 1200 456 1250 suis
485 1200 649 1250 abbati
678 1213 727 1250 et
753 1201 1033 1251 conventui
1060 1202 1117 1251 Β.
1149 1201 1340 1251 Mariae
1370 1201 1432 1250 de
1460 1201 1587 1250 valle
1615 1201 1858 1267 Josaphat
1885 1201 2072 1250 damna
2100 1212 2149 1250 et
2174 1199 2361 1266 injuria
2388 1199 2527 1251 intu-

350 1275 534 1339 lerunt,
564 1275 851 1342 compellat,
883 1288 938 1325 ut
966 1275 1127 1325 dictae
1156 1275 1395 1325 ecclesiae
1424 1274 1729 1325 satisfaciant
1762 1274 2087 1340 (Delaborde,
2117 1291 2166 1342 p.
2205 1276 2388 1326 106-
2411 1292 2527 1339 107,

351 1349 451 1399 N0.
530 1367 544 1398 1
577 1389 587 1399 .
2378 1346 2529 1398 1264

476 1366 511 1489 ¹3
542 1349 614 1478 ]))0
637 1433 732 1478 hoc
756 1432 880 1478 bello
909 1433 965 1478 cf.
993 1434 1176 1493 Gestes,
1198 1449 1243 1493 p.
1274 1434 1529 1493 152—1603
1562 1433 1768 1491 Eracles,
1790 1448 1835 1492 p.
1857 1447 1970 1494 4433
2003 1434 2189 1493 Muller,
2211 1448 2256 1493 p.
2277 1433 2527 1494 445—461.

499 1559 530 1583 ‚,
609 1522 757 1570 Mart.
791 1537 856 1570 20
885 1519 1111 1587 (gallice).
1139 1550 1213 1556 —
1239 1520 1426 1585 Julien,
1453 1521 1702 1570 dominus
1730 1521 1793 1570 de
1822 1520 1967 1570 Seete
1995 1534 2043 1571 et
2067 1521 2316 1588 Biaufort,
2346 1521 2530 1572 domui

351 1594 808 1645 Theutonicorum
854 1594 1013 1644 casale
1058 1595 1209 1645 Cafar
1238 1595 1427 1644 facouh
1470 1595 1523 1644 in
1565 1594 1821 1645 territorio
1862 1595 1924 1644 de
1964 1595 2149 1645 Schuff
2181 1595 2337 1646 situm
2377 1607 2427 1646 et
2464 1596 2528 1646 de

353 1669 589 1719 Johanne
619 1669 680 1718 de
710 1669 755 1720 la
772 1669 898 1733 Tor,
927 1669 1308 1719 constabulario
1328 1669 1554 1733 Sidonis,
1576 1667 1793 1734 ejusque
1810 1685 1970 1719 uxore
1987 1669 2195 1720 Isabelle
2214 1669 2281 1720 IV
2298 1669 2528 1721 millibus
2549 1673 2552 1675 ’

351 1743 692 1793 bisantiorum
734 1756 929 1793 emtum
972 1760 1063 1810 per
1097 1760 1313 1793 manum
1342 1743 1586 1794 Annonis
1614 1742 1842 1808 magistri
1870 1743 2105 1794 concedit
2131 1757 2179 1794 et
2204 1743 2374 1810 sigillo
2401 1760 2528 1795 con-

350 1817 533 1868 firmat.
554 1847 625 1852 —
653 1818 900 1884 Phelippe
930 1818 992 1867 de
1020 1818 1269 1883 Biaufort,
1288 1818 1449 1868 Jofroi
1468 1818 1531 1867 de
1548 1817 1751 1882 Viliers,
1771 1819 2023 1885 Macayre,
2035 1818 2069 1881 1)
2096 1818 2228 1885 Gile,
2246 1819 2528 1870 Berteleme

352 1892 669 1956 Meinebuef,
716 1893 861 1942 Eude
891 1893 955 1941 de
984 1893 1147 1957 Creel,
1188 1893 1365 1942 Andre
1391 1892 1697 1958 Taillevent,
1737 1893 1905 1943 Johan
1933 1893 1996 1942 de
2025 1892 2065 1942 F
2069 1891 2292 1959 enjon‚2)
2331 1892 2438 1945 Gui
2465 1893 2530 1944 de

351 1967 597 2033 Renay,3)
642 1967 761 2017 Hue
807 1967 869 2016 de
913 1966 1097 2017 Viliers
1142 1967 1408 2032 (Strehlke,
1449 1983 1498 2034 p.
1531 1969 1787 2032 96—-97,
1829 1968 1928 2017 No.
1968 1983 2094 2033 1143
2138 1967 2200 2018 cf.
2238 1967 2327 2019 SS.
2356 1984 2531 2018 rerum

350 2041 519 2091 Pruss
550 2042 583 2106 I,
611 2058 660 2108 p.
693 2041 834 2107 633).
2058 2098 2069 2108 ⁶
2379 2040 2529 2091 1265

468 2125 621 2171 Alias:
662 2128 695 2182 1)
729 2125 991 2184 Maquaire,
1116 2126 1148 2183 ²)
1181 2126 1379 2184 Fenion,
1402 2127 1635 2186 Femium,
1758 2128 1796 2183 3)
1828 2127 2011 2186 Ronay.

498 2250 530 2276 ‚,
610 2214 760 2262 Mart.
794 2229 877 2262 21.
920 2212 1174 2263 Nicosiae.
1205 2241 1276 2248 ———
1303 2213 1577 2280 Henricu3,
1617 2213 1754 2264 filius
1783 2214 2052 2280 quondam
2083 2213 2417 2264 Bohemundi
2443 2213 2528 2278 IV,

351 2286 598 2354 principis
626 2286 949 2351 Antiochiae,
981 2299 1030 2336 et
1056 2287 1264 2337 Isabella
1291 2305 1437 2351 uxor,
1457 2287 1560 2338 filia
1587 2288 1831 2353 Hugonis
1859 2288 1892 2352 I,
1913 2288 2181 2353 quondam
2201 2288 2334 2352 regis
2351 2288 2528 2355 Cypri,

350 2362 728 2411 abdicationem
738 2361 912 2426 Alicis,
927 2361 1133 2427 reginae
1148 2362 1324 2429 Cypri,
1336 2362 1645 2412 confirmant
1659 2362 1803 2425 (Bibl.
1822 2363 1884 2412 de
1898 2362 2077 2412 l'e'cole
2095 2363 2144 2412 d.
2166 2362 2360 2412 chartes
2379 2363 2530 2427 1872,

350 2453 400 2502 p.
431 2437 734 2502 175—-176,
763 2437 864 2486 No.
895 2437 1018 2497 1783
1051 2436 1308 2487 D'Arbois
1337 2437 1399 2486 de
1427 2437 1750 2502 Jubainville,
1780 2437 1910 2486 Hist.
1942 2437 1990 2487 d.
2022 2449 2214 2487 comtes
2242 2437 2304 2502 V,
2334 2453 2383 2503 p.
2401 2438 2529 2502 482,

350 2512 450 2561 No,
485 2512 653 2576 3128;
697 2511 774 2560 De
804 2512 915 2560 Mas
943 2510 1126 2576 Latrie,
1157 2511 1287 2561 Hist.
1319 2511 1376 2574 II,
1405 2528 1455 2578 p.
1488 2513 1584 2576 693
1616 2510 1677 2561 cf.
1707 2527 1862 2578 supra
1889 2512 1989 2561 No,
2023 2511 2161 2575 860).
2381 2509 2530 2559 1266

499 2638 530 2663 ,,
606 2600 724 2650 100.
766 2618 779 2649 1
804 2618 817 2649 1
857 2599 1085 2665 (gallice).
1114 2629 1187 2635 —
1214 2599 1427 2666 Juliens,
1458 2601 1705 2651 dominus
1735 2601 1798 2650 de
1827 2600 1972 2650 Seete
2001 2612 2049 2649 et
2077 2601 2139 2649 de
2166 2599 2375 2665 Biafort,
2403 2617 2530 2651 ven-

352 2675 605 2725 ditionem
632 2691 787 2741 supra
815 2674 931 2738 (No,
958 2675 1110 2740 1252)
1138 2675 1397 2725 laudatam
1425 2674 1593 2740 sigillo
1622 2674 1893 2725 confirmat
1921 2674 2187 2738 (Strehlke,
2218 2691 2266 2741 p.
2299 2676 2532 2741 97—98,

351 2750 453 2799 No,
480 2768 492 2799 1
517 2768 530 2798 1
551 2749 611 2814 5).
642 2744 655 2818 Η
680 2749 737 2798 10
765 2749 996 2814 margine
1024 2748 1236 2814 legitur:
1272 2750 1428 2799 «Non
1445 2748 1593 2815 valet,
1614 2749 1734 2816 quia
1752 2750 2089 2816 postmodum
2108 2748 2205 2799 fuit
2224 2748 2384 2800 factus
2401 2749 2531 2800 alius

352 2836 640 2874 contractus
649 2842 671 2867 »
683 2863 693 2873 .
2381 2821 2529 2872 1267

500 2951 531 2977 ,,
611 2913 748 2979 Sept.
779 2930 857 2978 12,
887 2913 994 2963 ind.
1025 2914 1081 2963 II.
1126 2914 1409 2963 Messanae.
1439 2942 1512 2949 —
1540 2913 1858 2978 ManfredUS,
1887 2929 1974 2962 rex
1991 2912 2208 2978 Siciliae,
2228 2925 2531 2980 potestatem

352 2989 667 3038 Januensem
697 2988 943 3053 hortatur,
974 3000 1031 3038 ut
1057 2988 1334 3053 Uguezoni
1353 2989 1416 3038 de
1435 2988 1637 3053 Arezio,
1658 2987 1754 3037 civi
1772 2989 2039 3038 Messanae
2056 3003 2114 3037 ac
2132 2987 2319 3038 nuntio
2338 2987 2531 3053 DulciS,

355 3062 559 3112 heredis
600 3062 787 3112 Meruli
817 3061 1034 3112 Schilini
1061 3062 1350 3127 Januensis,
1390 3063 1674 3127 satisfaciat,
1715 3061 1862 3126 cujus
1897 3061 1951 3111 in
1977 3063 2104 3111 urbe
2132 3065 2311 3112 Accon
2339 3062 2531 3113 mortui

355 3136 630 3203 pecuniam
658 3137 879 3187 Jacobus
918 3136 1176 3187 Frixonus
1215 3149 1264 3186 et
1300 3137 1489 3204 sociUS,
1531 3137 1769 3187 consules
1807 3135 2147 3186 Januensium
2187 3139 2531 3202 Αο00000505,

352 3212 568 3261 Januam
613 3211 902 3260 detulerant
941 3210 1110 3274 (Liber
1149 3209 1340 3276 jurium
1371 3212 1406 3276 I,
1447 3228 1497 3279 p.
1537 3213 1758 3262 1286-
1783 3212 1935 3276 1287,
1976 3211 2076 3260 N0.
2109 3226 2241 3276 9143
2285 3210 2530 3278 Capasso,

352 3285 483 3335 Hist.
530 3285 746 3351 diplom.
793 3285 940 3350 regni
984 3285 1200 3351 Siciliae,
1244 3286 1434 3352 Napoli
1484 3287 1634 3353 1874,
1677 3302 1727 3353 p.
1767 3302 1882 3351 152,
1927 3292 1951 3341 S
1983 3286 2116 3347 2883
2170 3284 2233 3335 cf.
2272 3285 2531 3335 Bohmer-

353 3360 548 3424 Ficker,
578 3360 678 3409 ΝΟ.
708 3360 909 3425 4676).
2381 3357 2531 3408 1268

502 3485 533 3510 „
614 3448 798 3498 Octob.
820 3465 868 3512 9.
898 3450 1079 3498 Accon
1106 3447 1159 3497 in
1189 3449 1349 3498 domo
1378 3449 1428 3499 S.
1449 3448 1737 3516 Sepulchri.
1757 3476 1829 3483 —
1855 3447 2090 3498 Thomas
2117 3448 2343 3514 Berardi,
2372 3447 2532 3514 Hugo

355 3524 418 3573 de
448 3523 605 3572 Revel
632 3522 664 3586 l)
695 3536 743 3572 et
771 3525 929 3572 Anno
959 3523 1022 3571 de
1053 3522 1433 3587 Sangerhusen,
1450 3522 1676 3589 Templi,
1705 3522 1987 3589 Hospitalis
2015 3534 2063 3571 et
2078 3522 2531 3574 Theutonicorum

354 3597 598 3662 magistri,
640 3614 692 3646 se
733 3597 796 3646 de
837 3596 1084 3646 omnibus
1124 3597 1363 3663 quereliS,
1408 3613 1541 3663 quae
1584 3598 1716 3647 inter
1756 3597 1895 3663 ipsos
1937 3595 1992 3646 in
2034 3596 2530 3664 HierosolymitanO,

480 3729 513 3783 ¹)
546 3727 619 3770 De
643 3741 740 3785 quo
767 3728 951 3784 Gestes,
973 3741 1019 3785 p.
1046 3741 1139 3786 155,
1163 3727 1421 3786 207—2083
1460 3736 1635 3772 statuta
1658 3727 1716 3771 ab
1742 3726 1917 3771 eodem
1941 3724 2067 3770 edita
2090 3724 2148 3770 cf.
2171 3725 2219 3770 in
2240 3723 2466 3770 Delaville
2487 3723 2530 3770 le

354 3786 528 3843 Roulx,
542 3787 614 3830 De
631 3785 827 3844 origine,
843 3800 887 3844 p.
906 3801 1095 3847 39-40,
1116 3785 1236 3831 Bibl.
1262 3788 1320 3831 de
1342 3785 1509 3831 l’e'cole
1534 3787 1577 3831 d.
1602 3786 1788 3831 chartes
1819 3784 1943 3843 1887,
1957 3799 2001 3843 p.
2023 3798 2133 3844 3493
2155 3786 2314 3842 Prutz,
2337 3783 2531 3830 Cultur-

358 3845 534 3902 ί005011,
556 3859 599 3902 p.
624 3846 777 3902 614—-
794 3847 895 3904 615,
930 3846 988 3890 de
1012 3844 1110 3904 ejus
1134 3845 1287 3903 sigillo
1310 3845 1536 3890 Delaville
1557 3845 1600 3890 le
1622 3844 1778 3890 Roulx
1805 3843 1852 3888 in
1875 3842 2018 3889 Mem.
2039 3845 2082 3888 d.
2106 3843 2250 3902 antiq.
2271 3844 2330 3889 de
2351 3844 2530 3889 France

367 3904 490 3962 1886,
507 3905 626 3963 XLI,
640 3919 684 3963 p.
700 3919 770 3963 70.
803 3904 1180 3963 Inscriptionem,
1205 3920 1299 3964 qua
1321 3905 1548 3964 magister
1568 3914 1735 3950 noster
1757 3913 2068 3961 memoratur,
2091 3902 2237 3949 edidit
2256 3902 2531 3948 Clermont-
