2684 4244
323 160 378 203 72
535 140 542 147 ’
1278 137 1567 190 Regesta

2442 197 2484 205 -v

404 306 549 357 1248
577 309 708 368 Aug.
739 320 785 367 7.
813 307 1006 355 Accon.
1039 329 1096 337 —-
1132 302 1319 353 Charta
1347 300 1620 364 Peregrini,
1648 300 1840 351 abbatis
1868 299 1916 351 S.
1946 300 2134 353 Mariae
2163 302 2224 353 de
2243 301 2483 364 Latina,²)

322 383 373 433 in
401 382 461 432 D.
490 381 624 430 Cart.
655 377 710 437 ΙΙ,
752 394 798 442 p.
829 376 1078 439 673--67
1090 391 1132 438 5,
1171 374 1267 423 No.
1300 375 1468 437 2482;
1523 373 1710 424 Invent.
1739 389 1786 438 p.
1817 374 1901 434 87,
1932 374 2030 424 No.
2066 376 2185 427 268.
2211 370 2226 444 ΙΙ
2251 376 2485 428 Eandem

322 455 543 508 chartam
574 450 659 516 (30
688 449 818 500 Nov.
855 448 1006 510 1248)
1035 447 1302 507 HenricuS.
1330 446 1741 512 archiepiscopus
1758 447 2068 508 Nazarenus,
2094 462 2142 499 et
2159 448 2412 500 Galterius
2429 449 2486 511 II,

322 528 590 593 episcopus
617 521 955 583 Acconensis,
973 537 1026 572 se
1053 521 1236 572 vidisse
1264 520 1571 572 confirmant
1598 520 1676 582 (D.
1705 520 1838 571 Cart.
1867 520 1921 580 II,
1949 537 1998 586 p.
2029 522 2151 586 678,
2175 523 2278 575 No.
2309 539 2413 588 249
2427 523 2485 582 ι).

2257 644 2260 647 .
2343 594 2488 648 1164

447 671 479 724 ¹)
498 665 664 712 Casale
690 663 967 709 Mondisder
990 661 1037 707 in
1061 663 1149 708 hac
1165 663 1320 708 charta
1334 672 1561 709 vocaturn
1576 662 1825 709 Clermont
1848 663 2093 721 Ganneau,
2106 664 2215 712 Rec.
2235 664 2486 715 d'arche'ol.

321 725 485 773 orient.
510 726 560 780 ΙΙ,
582 740 626 784 p.
652 721 824 783 95-96
846 721 972 766 idem
997 735 1099 768 esse
1122 721 1220 766 vult
1242 736 1295 767 ac
1319 721 1465 767 Madd
1489 721 1674 777 ed-der,
1698 721 1999 768 occidentem
2033 737 2195 770 versus
2219 725 2277 771 de
2299 725 2484 773 Kakun.

320 787 391 829 De
417 783 690 829 nominibus
715 780 954 835 casalium,
978 794 1101 842 quae
1135 780 1181 824 in
1216 779 1386 824 chartis
1422 779 1737 825 ultramarinis
1773 781 1915 825 medii
1938 781 2040 827 aevi
2063 794 2404 841 memorantur,
2428 785 2487 829 de

320 854 478 888 cetero
505 842 738 896 conferas,
762 854 884 899 quae
908 853 996 884 nos
1020 839 1066 882 in
1085 840 1268 883 ZDPV.
1283 840 1340 894 X,
1358 854 1402 897 p.
1426 853 1501 898 195
1527 866 1537 869 -
1568 852 1667 899 3443
1690 840 1769 895 XI,
1786 854 1827 898 p.
1850 853 2103 899 139—149;
2126 841 2225 893 XII,
2243 855 2488 903 p.33—35;

320 903 482 959 XVIII,
505 917 548 960 p.
572 900 772 959 82-—87;
813 900 934 949 XIX.
958 913 1001 956 p.
1025 899 1226 956 61-623
1265 899 1462 944 Conder
1496 899 1544 943 in
1581 899 1779 944 Statem.
1826 899 1950 958 1889,
1988 915 2032 959 p.
2078 914 2319 960 197--2023
2364 900 2490 960 1890,

319 976 362 1021 p.
400 976 594 1021 29-373
645 959 767 1020 1893,
804 972 850 1018 p.
890 973 976 1017 254
1013 969 1059 1003 et
1098 958 1346 1003 Clermont
1377 959 1608 1005 Ganneau
1648 958 1694 1005 in
1734 959 1892 1006 Revue
1927 957 2132 1006 arcneol.
2171 960 2320 1015 XXX,
2365 961 2490 1020 1897,

319 1035 363 1082 p.
389 1019 613 1078 277—281
645 1019 769 1076 (Rec.
795 1015 1047 1065 d'archeol.
1074 1017 1240 1062 orient.
1265 1017 1317 1073 11,
1339 1032 1384 1076 p.
1409 1017 1600 1078 56—60)
1625 1028 1670 1063 et
1692 1018 1788 1063 ahts
1811 1018 1859 1065 in
1881 1017 1996 1065 locis
2020 1033 2047 1063 a
2070 1018 2210 1066 nobis
2233 1018 2384 1080 citatis
2406 1033 2488 1070 ex-

319 1089 596 1140 posuerunt.

467 1198 493 1220 „
570 1162 703 1222 Aug.
741 1174 816 1222 19.
844 1184 916 1192 —
945 1155 1126 1206 Simon
1155 1156 1217 1204 de
1245 1156 1291 1206 la
1307 1156 1500 1206 Catena
1521 1168 1568 1204 et
1580 1155 1789 1206 Oriente
1818 1172 1946 1207 uxor
1959 1157 1991 1220 ¹)
2021 1173 2195 1209 coram
2208 1153 2491 1224 G(alteri0),

322 1233 561 1301 episcopo
591 1230 896 1294 Acconensi,
924 1229 1176 1298 Hospitali
1206 1246 1296 1298 per
1323 1246 1509 1282 manus
1536 1230 1786 1281 Johannis
1814 1231 1875 1281 de
1902 1232 2103 1301 Ronay,
2144 1230 2319 1298 magni
2346 1247 2490 1286 com·-

321 1306 644 1365 mendatoris,
673 1306 890 1354 domum
917 1304 971 1353 in
999 1319 1124 1368 ruga
1153 1304 1343 1370 Cypria
1372 1305 1512 1356 urbis
1539 1304 1762 1357 Acconis
1789 1305 1935 1355 sitam
1962 1306 2124 1372 pretio
2153 1304 2389 1358 DCCCC
2414 1305 2491 1360 bi-

320 1380 602 1430 santiorum
631 1379 863 1428 vendunt
891 1378 970 1441 (D.
1003 1379 1137 1428 Cart.
1172 1378 1226 1441 II,
1258 1395 1306 1447 p.
1334 1373 1458 1443 675,
1487 1379 1586 1428 No.
1620 1379 1788 1445 2483;
1818 1379 2009 1431 Invent.
2036 1396 2083 1449 p.
2103 1380 2188 1442 88,
2214 1380 2319 1432 No,
2343 1375 2487 1448 270).

2237 1457 2240 1460 ’
2320 1451 2492 1508 11648

474 1523 503 1579 ι)
524 1523 594 1566 De
609 1520 806 1566 Simone
825 1520 1022 1581 ejusque
1039 1536 1186 1566 uxore
1202 1521 1314 1566 nihil
1327 1521 1518 1574 scimus,
1532 1521 1766 1566 Galterius
1783 1535 1897 1567 vero
1917 1522 2076 1581 episco
2083 1536 2170 1582 pus
2189 1532 2236 1568 et
2251 1522 2492 1568 Johannes

322 1583 379 1629 de
402 1582 572 1640 Ronay
596 1581 874 1640 saepissime
897 1581 944 1626 in
967 1580 1138 1627 chartis
1162 1591 1506 1628 memorantur.

469 1700 496 1721 „
573 1661 695 1712 Dec.
723 1689 794 1697 -—-
823 1661 982 1727 Hugo
1009 1661 1071 1711 de
1091 1661 1299 1727 Capella
1316 1661 1462 1711 miles
1480 1676 1599 1710 cum
1628 1661 1788 1712 Maria
1814 1676 1975 1710 uxore
2002 1677 2212 1712 assensu
2239 1661 2493 1729 Raynaldi

320 1735 408 1786 filii
422 1734 458 1797 1)
486 1735 740 1801 Hospitali
779 1736 980 1787 vineam
1024 1735 1266 1787 Valeniae
1310 1734 1588 1801 Hospitalis
1629 1735 1807 1785 vineae
1850 1734 2070 1786 vicinam
2111 1736 2270 1786 donat
2294 1748 2344 1786 et
2369 1751 2494 1787 con-

322 1809 453 1877 cedit
480 1809 558 1872 (D.
587 1810 720 1861 Cart.
752 1810 808 1873 II,
839 1827 886 1876 p.
917 1811 1224 1874 678-679‚
1251 1810 1351 1860 No.
1382 1825 1547 1874 2492;
1592 1809 1785 1859 Invent.
1816 1826 1864 1877 p.
1893 1809 1979 1874 88,
2007 1810 2106 1862 No.
2137 1807 2274 1875 269).
2323 1808 2495 1861 1166*
2568 1821 2571 1823 ’

474 1893 503 1950 ¹)
531 1893 598 1936 De
622 1892 838 1950 personis
861 1894 951 1938 hac
974 1894 1136 1938 charta
1158 1891 1339 1938 vocatis
1362 1891 1476 1936 nihil
1498 1902 1663 1937 exstat.

402 1984 548 2036 1249
576 1988 734 2053 April.
755 2004 836 2053 30.
863 2016 934 2025 -
964 1987 1020 2038 In
1049 1988 1219 2039 charta
1245 1987 1494 2038 Johannis
1512 1984 1786 2051 l'Aleman,
1806 1987 2006 2039 domini
2023 1989 2316 2052 Caesareae,
2333 1989 2494 2059 casale

320 2060 464 2120 Nef1)
494 2075 822 2111 memoratur.
1576 2092 1580 2095 ·
2347 2057 2494 2114 1175

475 2146 504 2204 ¹)
530 2145 603 2190 Cf.
627 2148 811 2195 ZDPV.
836 2148 893 2202 X,
916 2162 960 2207 p.
985 2147 1083 2194 268.
1119 2148 1171 2195 In
1193 2148 1374 2194 Invent.
1394 2163 1438 2209 p.
1469 2162 1563 2207 104,
1585 2147 1676 2194 No.
1701 2147 1789 2210 364
1808 2146 1862 2205 (s.
1887 2147 1944 2204 a.)
1970 2147 2140 2195 citatur
2162 2146 2496 2196 »Enumeratio

320 2203 490 2265 jurium
514 2205 770 2264 vectigalis,
794 2208 927 2266 quod
950 2206 1182 2266 Hospitali
1205 2222 1231 2251 a
1258 2217 1396 2266 porta
1420 2206 1736 2266 anguillarum
1763 2221 1914 2265 usque
1938 2208 1998 2254 ad
2021 2218 2240 2255 montem
2261 2206 2361 2256 Nef
2375 2205 2496 2258 τεά·

322 2264 577 2323 piendum«
605 2280 892 2311 concessum
915 2266 1002 2311 fuit
1042 2267 1185 2324 (Num
1222 2266 1375 2310 casale
1398 2277 1618 2311 nostrum
1651 2265 1726 2310 vel
1757 2264 2019 2324 Nef(inum)
2043 2265 2402 2325 intelli-gendum
2423 2265 2497 2324 sit,

320 2324 593 2382 nescimus).
638 2326 689 2373 In
723 2326 899 2372 eodem
921 2327 1099 2373 Invent.
1135 2340 1179 2392 p.
1212 2340 1305 2383 104,
1329 2326 1414 2371 No.
1440 2326 1523 2386 362
1560 2335 1856 2372 memoratur
1881 2325 2155 2373 »Sententia
2178 2339 2264 2385 per
2290 2325 2496 2371 arbitros

319 2383 427 2440 lata,
451 2399 543 2442 qua
571 2384 624 2428 lis
647 2385 906 2443 Hospitalis
931 2397 976 2430 et
999 2385 1217 2444 principis
1240 2384 1523 2430 Antiochiae
1559 2385 1617 2429 de
1653 2394 1776 2431 terra
1799 2384 2027 2433 Colebrin
2061 2384 2333 2434 dirimitur«.
2359 2386 2495 2442 Quae

323 2452 446 2487 terra
469 2458 584 2489 vero
608 2444 910 2503 intelligenda
933 2444 1005 2502 sit,
1027 2455 1283 2504 ignoratur.
1848 2472 1851 2475 ·

396 2537 411 2599 (
485 2577 514 2601 „
595 2537 670 2598 c.).
699 2566 769 2573 —·-
797 2539 1024 2605 Epistola
1053 2538 1166 2588 ficta
1195 2538 1411 2588 Messiae
1429 2550 1660 2606 excerpta
1674 2538 1811 2588 estin
1823 2537 2106 2590 BFW.N0.
2129 2539 2318 2607 15084
2351 2535 2496 2590 1186

403 2641 550 2691 1250
581 2642 697 2705 Maj.
725 2660 774 2709 4.
817 2670 890 2681 -
934 2644 1123 2695 Charta
1151 2643 1385 2696 Garssiae
1414 2643 1643 2706 AlvareZ,
1681 2643 1881 2696 domini
1925 2643 1988 2693 de
2030 2643 2286 2711 cayphas,
2339 2642 2392 2696 in
2435 2630 2497 2697 D.

324 2717 457 2769 Cart.
487 2717 542 2780 ΙΙ,
571 2734 619 2783 p.
652 2734 960 2784 913-914,
989 2718 1087 2767 Νο.
1121 2719 1204 2768 26.
1670 2794 1674 2798 ι
1821 2759 1826 2765 .
2346 2715 2497 2783 1189

471 2846 499 2869 ,,
581 2807 636 2870 (e.
665 2807 782 2870 Maj.
821 2825 897 2873 15.
929 2807 1145 2872 Accon).
1175 2836 1246 2846 —-
1274 2806 1520 2874 Epistola,
1549 2819 1606 2857 ut
1633 2806 1831 2859 videtur
1868 2806 2080 2859 fratrum
2107 2805 2329 2873 Templi,
2354 2805 2408 2855 in
2437 2805 2498 2856 D.

325 2881 455 2933 Cart.
485 2881 540 2946 11,
571 2898 618 2947 p.
652 2882 774 2946 687,
803 2884 904 2933 No.
941 2899 1097 2948 2521.
2353 2877 2491 2928 1191

399 2978 412 3042 (
493 3018 522 3042 ,,
599 2980 721 3030 Post
747 2980 932 3032 Octob.
972 2981 1070 3043 17).
1100 3008 1172 3018 -—-
1199 2979 1459 3046 Epistolae
1488 2977 1753 3032 Guillelmi
1780 2978 1843 3031 de
1860 2977 2041 3028 Castro
2071 2992 2229 3042 nov0,
2257 2976 2500 3044 Hospita-

323 3052 383 3104 lis
409 3053 652 3121 magistri,
680 3054 734 3105 in
763 3055 825 3109 D.
853 3055 988 3106 Cart.
1015 3055 1070 3118 II,
1100 3073 1147 3121 p.
1179 3054 1470 3118 698-—609
1498 3054 1598 3105 No.
1630 3068 1770 3118 2540
1798 3064 1848 3105 et
1877 3067 2034 3117 2541.
2158 3049 2319 3115 1192,
2354 3047 2498 3103 1193

474 3188 500 3214 „
578 3150 762 3200 Octob.
805 3153 881 3201 18.
912 3152 1174 3218 Lugduni.
1205 3179 1276 3189 --
1303 3150 1629 3201 Innocentius
1656 3150 1736 3200 IV.
1775 3148 1941 3199 abbati
1980 3147 2029 3198 S.
2056 3147 2307 3198 Samuelis
2333 3151 2499 3198 Acco-

325 3225 492 3275 nensis
508 3224 537 3288 1)
555 3226 776 3288 mandat,
789 3239 860 3287 ut,
874 3226 916 3275 si
930 3227 994 3275 de
1012 3226 1160 3276 bonis
1175 3225 1454 3292 Hospitalis
1481 3241 1572 3290 per
1588 3223 1947 3274 concessiones
1964 3222 2176 3272 alienata
2193 3238 2251 3272 ac
2267 3221 2500 3274 distracta

325 3298 586 3358 invenerit,
632 3301 694 3348 ad
724 3299 802 3363 jus
831 3312 879 3349 et
903 3301 1267 3367 proprietatem
1292 3299 1452 3366 ipsius
1478 3298 1699 3364 legitime
1742 3313 1980 3348 revocare
2003 3295 2151 3346 faciat
2178 3296 2257 3360 (D.
2284 3297 2418 3348 Cart.
2445 3295 2500 3358 11,

327 3390 374 3438 p.
407 3375 527 3437 699,
557 3374 653 3423 No.
685 3375 861 3439 2542).
2328 3367 2502 3419 11932

481 3442 510 3500 ¹)
537 3442 683 3502 Cujus
707 3455 1081 3504 nomenynotum
1107 3458 1206 3488 non
1230 3454 1313 3488 est.

474 3577 502 3601 „
653 3539 786 3588 NOV.
819 3539 901 3590 28.
929 3567 1002 3574 --
1028 3539 1217 3592 Charta
1258 3540 1404 3604 Petri,
1444 3538 1670 3609 episcopi
1708 3535 2042 3600 ValaniensiS,
2081 3535 2132 3586 in
2172 3536 2235 3587 D.
2279 3536 2419 3586 Cart.
2446 3533 2501 3594 II,

327 3628 375 3677 p.
407 3628 529 3673 701,
556 3613 654 3663 No.
687 3629 843 3679 2545.
2356 3605 2502 3661 1194

410 3714 547 3763 1251
583 3716 726 3766 Febr.
758 3733 840 3782 25.
869 3718 1129 3782 Lugduni.
1186 3746 1257 3753 —
1309 3717 1536 3784 Epistola
1589 3714 1875 3766 Innocentii
1926 3714 1993 3763 IV
2043 3714 2098 3763 in
2151 3714 2214 3764 D.
2259 3714 2395 3764 Cart.
2446 3711 2502 3771 11,

329 3806 378 3855 p-
410 3805 715 3854 704-705,
745 3792 843 3843 No.
877 3808 1033 3858 2553.
2357 3784 2500 3835 1197
