2684 4244
338 162 440 210 292
1273 141 1566 200 Regesta

333 339 670 403 Venetorum,
710 353 886 386 versus
925 336 1330 403 septentrionem
1370 338 1423 388 in
1461 355 1615 388 muro
1655 339 1883 404 civitatiS,
1925 339 2015 405 qui
2054 352 2128 389 est
2166 339 2303 405 juxta
2344 357 2502 407 mare,

331 429 507 462 versus
525 423 757 461 austrum
774 411 827 461 in
847 411 1006 461 domo
1025 411 1252 477 Nicolae,
1280 429 1438 478 quam
1467 413 1590 462 emit
1606 414 1825 464 Jacobus
1853 413 2132 479 Barocius),
2162 414 2291 465 alius
2319 415 2504 466 furnus

331 498 491 535 terrae
510 497 657 535 motu
679 485 967 534 destructus
986 485 1093 551 (qui
1110 485 1278 535 firmat
1305 487 1358 535 in
1388 486 1641 536 orientem
1669 488 1724 536 in
1742 487 1821 536 via
1849 487 2069 554 publica,
2100 488 2153 537 in
2181 489 2504 540 occidentem

330 560 386 608 in
413 561 591 624 dom0,
622 575 753 624 quae
793 558 888 609 fuit
925 559 1212 626 Turcopoli
1253 560 1466 610 nomine
1504 561 1765 626 Balmene,
1806 561 1860 610 in
1899 561 2303 627 septentrionem
2343 563 2399 613 in
2426 563 2505 613 via

329 633 549 700 publica,
578 633 631 682 in
659 644 893 683 austrum
920 633 975 683 in
1003 634 1163 684 domo
1184 674 1193 684 .
1218 674 1227 684 .
1251 674 1261 684 .
1284 634 1330 699 .),
1358 635 1548 684 domus
1577 651 1730 701 parva
1755 651 1875 684 cum
1893 635 1933 684 ΙΙ
1951 634 2100 684 voltis
2118 647 2167 685 et
2183 637 2337 687 curiis
2357 636 2504 703 (quae

331 708 537 757 devenit
575 707 843 757 communi
871 725 898 757 a
927 709 1155 773 quodam
1184 708 1492 775 Turcopulo
1526 709 1772 758 Balmene
1800 709 1909 758 sine
1949 709 2168 760 haerede
2206 722 2416 761 mortuo
2456 722 2506 761 et

252 793 256 800 “
330 781 496 831 firmat
523 781 577 830 in
606 781 860 832 orientem
888 781 942 831 in
971 781 1127 832 furno
1156 782 1452 832 communis
1481 783 1759 848 destructO,
1789 783 1843 832 in
1872 783 2194 834 occidentem
2223 797 2271 834 et
2297 797 2502 852 septen-

329 856 555 905 trionem
582 856 636 905 in
663 856 755 905 viis
793 855 1048 922 publicis),
1090 857 1224 923 petia
1253 857 1509 922 quaedam
1538 857 1748 906 civitatis
1775 857 1827 906 in
1857 857 1991 922 loc0,
2022 858 2113 923 qui
2141 858 2327 908 dicitur
2351 859 2504 909 Bara-

330 947 474 994 gesse
501 930 594 979 sita
622 929 771 996 (quae
789 930 957 979 firmat
984 948 1011 980 a
1038 931 1200 981 tribus
1227 931 1470 981 lateribus
1499 930 1553 979 in
1580 930 1674 980 viis
1702 931 1939 997 publicis,
1969 931 2024 980 in
2051 944 2285 982 austrum
2301 933 2356 982 in
2372 945 2505 984 terra

328 1003 539 1071 Templi
567 1021 743 1070 vacua,
775 1017 823 1054 et
849 1005 1016 1054 vicina
1055 1017 1128 1066 est
1166 1006 1385 1071 petiolae
1413 1017 1591 1070 terrae,
1622 1021 1780 1070 quam
1810 1004 1932 1055 emit
1960 1006 2217 1056 Marsilius
2246 1006 2504 1073 Georgius

329 1077 567 1144 bajulus),
599 1095 785 1129 census
814 1079 1046 1129 stationis
1075 1079 1250 1145 (quam
1267 1079 1501 1129 Thomas
1530 1079 1694 1129 Dulce
1723 1080 1876 1129 habet
1903 1080 1957 1129 in
1985 1096 2112 1145 ruga
2141 1080 2190 1130 S.
2212 1080 2428 1146 Nicolai)
2455 1093 2506 1132 et

330 1154 520 1203 domus
540 1152 688 1218 (quae
708 1153 805 1203 fuit
831 1153 922 1203 filii
941 1153 1091 1203 Hele]
1118 1154 1229 1203 sine
1257 1154 1476 1203 haerede
1505 1154 1699 1203 mortui
1729 1165 1778 1203 et
1805 1154 1858 1203 in
1887 1154 2074 1203 solario
2102 1154 2194 1204 sita
2222 1155 2329 1220 est),
2358 1171 2505 1222 prae-

328 1239 465 1277 terea
493 1228 627 1294 petia
654 1244 841 1293 magna
868 1239 1029 1277 terrae
1058 1228 1111 1277 in
1141 1239 1368 1277 contrata
1395 1229 1660 1294 Baragese,
1702 1228 1791 1277 ubi
1829 1229 2106 1278 trahuntur
2144 1245 2298 1279 naves
2338 1245 2505 1295 quan-

329 1302 504 1367 doque
524 1301 673 1367 (quae
691 1301 859 1351 firmat
883 1302 937 1351 in
966 1302 1218 1352 orientem
1246 1302 1300 1351 in
1329 1314 1483 1368 portu
1513 1302 1739 1366 civitatiS,
1772 1302 1826 1351 in
1854 1302 2176 1352 occidentem
2203 1303 2258 1353 in
2287 1319 2390 1354 una
2406 1304 2503 1369 via,

328 1393 460 1441 quae
499 1389 572 1426 est
609 1376 741 1425 inter
779 1376 965 1426 dictam
1002 1377 1191 1442 petiam
1216 1390 1376 1425 terrae
1406 1389 1454 1425 et
1481 1377 1666 1426 domos
1694 1376 1969 1426 Thomasii
1999 1378 2162 1427 Dulce
2192 1389 2241 1427 et
2268 1378 2505 1428 Andreae

327 1450 584 1515 Galafarii,
621 1451 674 1499 in
701 1451 1106 1517 septentrionem
1133 1451 1187 1500 in
1215 1451 1309 1514 via,
1340 1467 1471 1516 quae
1511 1463 1585 1500 est
1623 1451 1754 1500 inter
1793 1451 1981 1500 dictam
2022 1451 2214 1518 petiam
2255 1463 2417 1502 terrae
2456 1463 2506 1502 et

329 1523 560 1589 arsena[l]
592 1524 741 1589 regiS,
782 1525 836 1574 in
864 1537 1096 1575 austrum
1138 1524 1192 1574 in
1231 1525 1326 1589 via,
1368 1541 1501 1590 quae
1541 1539 1615 1574 est
1654 1525 1785 1575 inter
1824 1525 2014 1575 dictam
2053 1526 2243 1592 petiam
2269 1538 2430 1576 terrae
2457 1538 2507 1576 et

331 1599 516 1648 domos
543 1599 782 1648 Thomae
811 1599 1010 1663 Dulce),
1041 1615 1247 1664 censuS,
1279 1615 1437 1664 quem
1479 1616 1760 1649 commune
1787 1600 1965 1666 recipit
1990 1600 2045 1650 in
2074 1600 2296 1651 fondaco
2322 1600 2451 1668 Tyri
2478 1618 2506 1650 a

328 1673 524 1741 vicariis
553 1673 685 1739 regis
726 1673 918 1739 (quem,
949 1687 1006 1723 ut
1033 1673 1227 1737 dicunt,
1269 1690 1364 1740 pro
1395 1674 1595 1724 cambio
1623 1674 1919 1724 savonariae
1948 1686 1996 1724 et
2021 1675 2268 1725 tentoriae
2296 1674 2504 1742 accepit,
2550 1685 2553 1687 ’

328 1748 417 1797 sed
446 1748 753 1797 Dominicus
771 1751 1027 1798 Acotanto
1056 1748 1183 1798 olim
1211 1746 1414 1813 bajulus
1443 1748 1598 1797 minis
1627 1749 1866 1814 extorsit),
1896 1749 2124 1815 denique
2152 1750 2342 1799 domus
2359 1748 2507 1815 quasi

327 1822 481 1872 turris
511 1821 659 1887 (quae
689 1839 844 1889 super
872 1822 1023 1887 viam,
1054 1839 1157 1888 qua
1185 1822 1286 1872 itur
1313 1823 1377 1871 ad
1414 1834 1662 1888 catenam,
1703 1823 1811 1887 sita,
1853 1823 1944 1873 sed
1982 1839 2124 1874 nunc
2160 1836 2319 1874 terrae
2357 1835 2507 1874 motu

328 1897 582 1947 destructa
596 1909 685 1962 est,
701 1909 748 1946 et
767 1897 863 1947 fuit
879 1897 1128 1947 Johannis
1147 1896 1404 1947 Garabelli
1424 1897 1533 1947 sine
1553 1898 1742 1947 herede
1761 1897 1971 1948 mortui.
2001 1898 2179 1948 Extra
2196 1898 2506 1948 civitatem

326 1971 454 2038 Tyri
483 1970 797 2021 communi
832 1984 979 2022 sunt:
1031 1990 1069 2023 1.
1097 1988 1293 2021 masera
1322 1970 1442 2037 (qua
1470 1970 1689 2021 efficitur
1718 1971 2035 2037 zucharum),
2081 1989 2126 2023 2.
2157 1988 2344 2038 magna
2371 1972 2506 2040 petia

329 2058 491 2095 terrae
519 2046 573 2095 in
602 2046 780 2111 fondO,
819 2047 910 2096 ubi
937 2047 1233 2112 plantantur
1272 2045 1582 2096 canamellae
1622 2063 1849 2096 maserae
1887 2046 2053 2096 vicina
2093 2047 2242 2113 (quae
2269 2046 2508 2112 irrigatur

329 2137 389 2170 ex
417 2136 551 2186 aqua
579 2120 750 2185 fontiS,
793 2120 940 2185 cujus
977 2120 1120 2170 tertia
1159 2137 1274 2188 pars
1311 2121 1581 2170 communi
1610 2132 1685 2170 est
1712 2133 1760 2170 et
1786 2121 2072 2171 custoditur
2098 2139 2126 2171 a
2151 2121 2278 2187 viro,
2308 2120 2391 2172 cui
2416 2121 2507 2171 ad-

329 2193 497 2260 jungit
522 2211 610 2244 rex
638 2195 678 2244 II
706 2195 849 2260 alios,
892 2207 941 2245 et
977 2194 1145 2245 firmat
1182 2195 1237 2244 in
1276 2194 1529 2245 orientem
1568 2211 1629 2245 ex
1666 2207 1775 2245 toto
1815 2196 1869 2245 in
1908 2196 2172 2246 conductu
2206 2195 2296 2246 illo
2323 2211 2504 2262 aquae,

327 2286 507 2319 versus
535 2269 859 2319 occidentem
887 2270 941 2319 in
969 2270 1097 2319 mari
1127 2283 1174 2319 et
1199 2270 1367 2320 littore
1407 2270 1561 2319 maris
1601 2286 1695 2336 pro
1734 2282 1874 2337 parte
1903 2283 1950 2320 et
1977 2287 2072 2337 pro
2099 2282 2239 2337 parte
2274 2270 2329 2320 in
2355 2282 2503 2335 terra,

329 2360 488 2409 quam
506 2344 698 2393 habent
716 2344 933 2394 feudum
952 2344 1248 2394 communis
1266 2343 1538 2394 Rolandus
1556 2344 1838 2394 Contareni
1856 2356 1904 2394 et
1922 2343 2235 2395 Guilielmus
2251 2344 2503 2411 JordaniS,

327 2435 505 2468 versus
523 2418 930 2485 septentrionem
958 2419 1011 2468 in
1029 2431 1214 2468 terram
1234 2419 1382 2483 regiS,
1402 2435 1429 2467 a
1448 2434 1552 2484 qua
1569 2417 1855 2484 sejungitur
1872 2418 2058 2485 rivulO,
2077 2435 2254 2469 versus
2271 2431 2504 2470 austrum

327 2492 382 2542 in
410 2505 595 2542 terram
615 2494 972 2559 Januensium,
999 2494 1167 2543 rivulo
1195 2493 1568 2556 intercedente;
1599 2505 1648 2543 et
1674 2506 1885 2543 vocatur
1902 2494 2122 2559 Caruge,
2142 2509 2302 2560 quam
2321 2493 2505 2545 Veneti

327 2583 450 2617 vero
478 2580 664 2618 vocant
691 2569 900 2632 Masos),
958 2586 1002 2634 3.
1032 2585 1091 2618 ex
1131 2568 1227 2617 alia
1266 2580 1406 2634 parte
1446 2568 1737 2618 conductus
1776 2568 1910 2634 petia
1947 2580 2107 2618 terrae
2145 2567 2294 2634 (quae
2331 2567 2388 2618 in
2420 2567 2503 2618 die

328 2659 433 2692 una
460 2642 670 2709 paribus
698 2644 861 2693 boum
890 2643 951 2692 III
977 2644 1239 2693 laboratur
1265 2655 1313 2692 et
1339 2641 1506 2692 firmat
1530 2658 1707 2692 versus
1734 2642 2006 2707 orientem,
2024 2642 2430 2709 septentrionem
2457 2654 2505 2692 et

327 2729 562 2767 austrum
588 2717 642 2767 in
669 2730 816 2782 terra,
846 2733 979 2783 quae
1009 2730 1083 2767 est
1111 2717 1306 2767 Montis
1347 2716 1490 2782 Sion,
1530 2733 1708 2767 versus
1747 2717 2070 2767 occidentem
2107 2717 2162 2766 in
2201 2717 2337 2768 dicto
2377 2732 2503 2767 con-

327 2791 524 2855 ductu),
553 2808 604 2857 4.
635 2791 730 2841 alia
757 2792 891 2858 petia
917 2803 1077 2841 terrae
1104 2791 1354 2841 Bellemet
1380 2803 1555 2841 vocata
1595 2790 1743 2857 (quae
1771 2791 1939 2841 firmat
1965 2808 2141 2841 versus
2170 2792 2421 2842 orientem
2448 2790 2503 2840 in

325 2877 455 2915 terra
474 2866 647 2915 casalis
660 2866 926 2931 Thalabie,
947 2866 1148 2916 domini
1167 2866 1427 2933 Sydoniae
1445 2866 1658 2932 proprii,
1673 2882 1849 2916 versus
1868 2866 2187 2916 occidentem
2206 2877 2255 2915 et
2271 2877 2503 2916 austrum

328 2939 382 2989 in
411 2940 596 3005 rivulo,
618 2940 707 3006 qui
735 2953 809 2990 est
836 2941 968 2991 inter
995 2941 1182 2990 dictam
1210 2954 1394 2990 terram
1423 2952 1471 2989 et
1496 2953 1682 2989 terram
1711 2941 1935 2990 Rolandi
1963 2940 2260 3005 Contareni,
2289 2955 2449 3006 quam
2474 2956 2503 2989 a

326 3014 536 3064 Venetis
556 3014 775 3065 feudum
802 3027 956 3080 tenet,
975 3032 1153 3065 versus
1181 3015 1585 3082 septentrionem
1615 3015 1670 3064 in
1696 3015 1882 3082 rivulO,
1903 3014 1994 3080 qui
2020 3013 2287 3064 intercedit
2313 3014 2502 3064 dictam

324 3101 512 3138 terram
548 3102 595 3138 et
630 3090 789 3139 casale
817 3090 1100 3154 Thalabie),
1151 3107 1195 3155 5.
1226 3089 1527 3139 molendina
1567 3088 1812 3154 (quorum
1850 3105 2021 3139 unum
2060 3087 2245 3138 civitati
2281 3088 2509 3150 vicinius⁴

325 3162 530 3213 molens
559 3180 664 3213 una
691 3165 829 3213 mola
857 3176 906 3214 et
933 3165 997 3214 de
1026 3181 1135 3214 uno
1163 3176 1309 3213 austo
1337 3180 1517 3229 aquae,
1548 3179 1707 3229 quam
1744 3162 2003 3230 appellant
2041 3175 2250 3229 portum
2284 3163 2347 3213 de
2375 3178 2501 3223 con-

327 3238 486 3288 ductu
528 3238 682 3287 fontis
723 3238 858 3303 dicti,
900 3239 1116 3288 alterum
1155 3251 1228 3288 est
1267 3255 1422 3304 super
1461 3238 1597 3287 dicto
1636 3237 1856 3302 molenS,
1891 3238 2035 3303 quod
2063 3253 2205 3287 nunc
2232 3254 2321 3287 rex
2346 3248 2500 3302 tenet,

325 3312 468 3378 prius
486 3313 547 3361 ab
567 3313 812 3362 omnibus
841 3312 1083 3368 lateribus
1111 3313 1278 3362 firmat
1304 3312 1358 3362 in
1388 3312 1526 3362 dicto
1554 3311 1862 3362 molendino
1892 3324 1939 3361 et
1955 3311 2010 3361 in
2027 3323 2156 3361 terra
2174 3311 2324 3377 regiS,
2343 3326 2502 3377 quam

326 3402 468 3436 nunc
495 3398 673 3436 tenent
693 3386 1009 3451 Januenses),
1041 3388 1089 3436 6.
1120 3387 1259 3436 aliud
1288 3386 1653 3436 molendinum
1682 3386 1843 3451 (quod
1862 3387 1925 3436 de
1944 3386 2142 3437 Caneto
2161 3386 2358 3436 dictum
2375 3385 2501 3436 olim

327 3461 645 3511 destructum
674 3478 816 3511 nunc
832 3478 954 3511 vero
981 3461 1363 3510 reaedificatum
1392 3473 1466 3510 est
1493 3473 1540 3510 et
1567 3462 1629 3510 de
1658 3476 1791 3526 aqua
1819 3459 1938 3510 dicti
1956 3460 2111 3510 fontis
2139 3473 2187 3510 et
2213 3460 2502 3510 conductus

326 3551 537 3585 necnon
566 3536 628 3585 de
657 3549 806 3585 austu
826 3547 1007 3602 portus
1034 3535 1154 3585 dicti
1181 3536 1470 3586 conductus
1497 3551 1659 3601 prope
1687 3535 1897 3584 hortum
1926 3533 2296 3601 archiepiscopi
2323 3534 2496 3597 molit;

326 3609 548 3676 desuper
575 3611 838 3660 conductu
867 3610 1009 3659 enim
1036 3607 1175 3674 juxta
1202 3622 1413 3676 portum
1441 3622 1515 3659 est
1541 3609 1669 3659 ficus
1694 3608 1975 3658 Pharaonis
1993 3620 2042 3658 et
2058 3607 2195 3673 juxta
2214 3625 2327 3658 eam
2344 3607 2501 3658 currit

325 3683 522 3734 rivulus
550 3700 713 3750 aquae
743 3685 806 3733 de
834 3701 968 3750 aqua
985 3684 1140 3734 Jemis
1169 3697 1230 3748 et,
1262 3700 1383 3734 cum
1412 3683 1584 3750 currit,
1604 3683 1768 3750 pergit
1786 3683 1848 3732 ad
1867 3683 2234 3733 molendinum
2252 3683 2499 3732 desubtus

325 3771 540 3823 pontem
567 3758 698 3808 sicut
725 3771 772 3808 et
798 3774 933 3824 aqua
966 3758 1086 3808 dicti
1123 3771 1322 3825 portUS,
1358 3774 1489 3823 quae
1528 3758 1583 3807 in
1622 3772 1791 3807 unum
1830 3757 2102 3822 colligitur,
2144 3757 2284 3807 unde
2322 3755 2495 3819 molit;

325 3830 493 3882 firmat
518 3849 696 3882 versus
725 3833 978 3883 orientem
1017 3833 1072 3881 in
1110 3845 1239 3882 terra
1278 3833 1427 3897 regiS,
1456 3849 1634 3882 versus
1663 3831 1984 3881 occidentem
2011 3831 2065 3880 in
2092 3831 2276 3895 rivu10‚
2306 3830 2398 3896 qui
2425 3841 2500 3879 est

325 3905 456 3955 inter
482 3907 711 3957 Venetos
739 3919 788 3957 et
813 3907 1260 3974 archiepiscopum
1288 3906 1613 3974 Tyriensem,
1653 3922 1830 3955 versus
1858 3905 2261 3972 septentrionem
2289 3905 2344 3955 in
2370 3917 2499 3954 terra
