2684 4244
367 153 467 218 336
1296 142 1590 201 Regesta

442 334 590 383 1260
616 336 725 384 Jan.
758 352 806 398 7,
850 334 956 383 ind.
986 334 1119 383 XIV.
1174 336 1368 382 Accon.
1412 361 1486 367 —-
1528 333 1835 398 FlorentiuS,
1879 333 2153 400 episcopus
2194 334 2527 398 AcconensiS‚

361 422 634 475 postquam
674 409 806 457 inter
844 407 1016 473 ipsum
1044 419 1093 456 et
1120 406 1280 473 ipsius
1313 407 1731 473 praedecessores
1759 424 1819 456 ex
1848 424 1951 457 una
1979 420 2118 473 parte
2147 420 2194 458 et
2219 409 2528 472 Johannem,

360 483 640 549 plebanum
668 482 718 531 S.
740 481 897 531 Marci
916 482 1238 531 Venetorum
1265 480 1597 544 AcconensiS,
1629 479 1843 546 ejusque
1871 481 2291 547 praedecessores
2318 483 2382 532 de
2409 498 2532 533 cura

360 555 638 622 parochiali
657 555 817 604 dictae
838 555 1076 604 ecclesiae
1102 568 1153 604 et
1181 554 1473 605 obedientia
1502 554 1746 620 episcopo
1764 555 2056 604 Acconensi
2075 555 2305 606 facienda
2323 572 2532 607 necnon

359 630 589 680 nobilem
617 630 909 679 Johannem
937 629 1257 693 Dandulum,
1288 627 1521 694 bajulum
1540 629 1863 679 Venetorum
1884 629 2286 695 Acconensium,
2315 629 2531 696 ejusque

359 703 677 753 consiliarios
716 704 1050 753 Leonardum
1089 704 1469 753 Maurocenum
1503 714 1550 752 et
1579 702 1840 752 Marinum
1881 703 2241 754 Contarenum
2279 703 2532 754 discordia

358 778 510 827 fuerit
553 790 741 842 exorta,
786 778 919 827 hanc
959 778 1394 844 compositionem
1433 777 1783 842 intervenisse,
1827 777 1995 842 sigillo
2038 777 2323 844 confirmat,
2366 790 2426 830 ut
2467 779 2531 828 de

358 864 525 901 cetero
544 851 795 918 plebanus
823 852 1108 902 antedictus
1137 864 1413 902 contentus
1442 851 1520 915 sit,
1540 864 1795 916 quantum
1823 852 1886 900 ad
1916 852 2211 917 parochiam
2241 864 2289 902 et
2315 868 2531 903 omnem

357 942 530 975 curam
573 925 918 992 parochialem
958 938 1007 976 et
1046 943 1202 976 omne
1241 924 1320 990 jus
1361 924 1639 992 spirituale,
1669 941 1829 991 quam
1853 925 1935 975 vel
1962 926 2107 991 quod
2144 926 2240 975 sibi
2270 926 2531 977 vindicare

356 1000 516 1066 possit
558 1016 880 1066 quocunque
924 1001 1085 1050 modo
1125 1000 1178 1050 in
1219 1000 1414 1050 civitate
1455 1013 1503 1050 et
1540 1000 1733 1049 diocesi
1771 1000 2066 1050 Acconensi
2109 999 2357 1050 limitibus
2394 1000 2528 1051 istis:

355 1074 559 1139 scilicet,
590 1087 848 1140 quantum
885 1075 1106 1124 ambitus
1147 1091 1409 1124 novorum
1447 1090 1739 1138 murorum,
1770 1089 1904 1139 quos
1940 1090 2108 1141 nuper
2134 1073 2533 1125 aedificaverunt

356 1165 532 1199 versus
576 1149 796 1215 plateam
837 1149 1177 1199 Januensium
1218 1161 1265 1199 et
1305 1149 1557 1215 hospitale
1597 1148 1647 1198 S.
1687 1149 1939 1198 Johannis
1977 1160 2026 1198 et
2063 1165 2228 1198 novae
2267 1148 2531 1200 clausurae

356 1236 637 1289 portarum,
655 1240 782 1289 quas
802 1240 969 1290 nuper
987 1236 1385 1274 construxerunt
1399 1240 1576 1273 versus
1595 1223 1783 1287 vicum,
1801 1223 1891 1288 qui
1910 1222 2095 1272 dicitur
2111 1222 2530 1288 Provincialium,

358 1298 753 1364 comprehendit
774 1299 874 1348 hoc
891 1298 1082 1363 addito,
1113 1311 1169 1348 ut
1197 1310 1331 1347 extra
1351 1309 1551 1364 portam
1571 1297 1710 1347 illam
1731 1314 1937 1361 novam,
1958 1313 2117 1362 quam
2134 1296 2532 1347 aedificaverunt

355 1373 418 1420 ad
446 1384 599 1438 caput
626 1372 797 1438 palatii
828 1371 1002 1437 bajuli,
1043 1372 1376 1438 procedendo
1417 1373 1480 1421 de
1521 1371 1571 1422 S.
1603 1372 1779 1421 Marco
1818 1388 1995 1421 versus
2022 1371 2197 1421 vicum
2224 1384 2533 1439 coopertum

354 1446 643 1512 pertineant
669 1447 733 1496 ad
763 1447 949 1496 dictam
978 1463 1153 1496 curam
1182 1446 1389 1512 plebani
1415 1447 1455 1495 II
1483 1446 1727 1496 stationes
1766 1445 1872 1495 sive
1901 1447 2091 1496 domus
2129 1462 2297 1512 usque
2335 1446 2400 1496 ad
2439 1462 2531 1496 an-

353 1521 540 1584 gulum
568 1521 721 1586 primi
748 1520 845 1570 vici
873 1521 977 1570 sive
1005 1537 1179 1586 rugae,
1210 1520 1300 1586 qui
1327 1521 1408 1570 vel
1436 1537 1567 1586 quae
1596 1520 1756 1585 vergit
1781 1537 1959 1570 versus
1988 1520 2038 1570 S.
2069 1520 2289 1570 Mariam
2315 1520 2530 1570 Provin-

355 1594 579 1660 cialium,
600 1607 648 1644 et
667 1594 899 1646 similiter
926 1596 1170 1644 stationes
1198 1596 1302 1644 sive
1322 1596 1530 1660 domuS,
1550 1611 1683 1660 quae
1710 1606 1833 1644 sunt
1860 1611 1920 1644 ex
1948 1594 2036 1644 illo
2063 1595 2216 1644 latere
2244 1594 2377 1644 inter
2400 1611 2531 1645 eun-

355 1669 475 1718 dem
512 1669 687 1719 vicum
726 1686 786 1719 ex
825 1682 964 1736 parte
994 1670 1316 1721 Venetorum
1355 1685 1522 1735 usque
1557 1669 1620 1718 ad
1648 1669 1864 1719 furnum
1889 1669 2115 1735 regalem
2142 1668 2412 1735 exclusive,
2441 1668 2553 1735 qui·

357 1743 542 1793 furnus
571 1756 645 1793 est
683 1743 738 1793 in
766 1744 961 1809 angulo
989 1743 1086 1793 vici
1114 1745 1218 1793 sive
1247 1760 1422 1810 rugae,
1452 1743 1543 1809 qui
1580 1743 1661 1793 vel
1684 1743 1832 1809 'quae
1871 1743 2059 1793 dicitur
2096 1742 2339 1794 Paleacia.
2406 1743 2533 1793 Item

353 1834 530 1867 versus
559 1830 793 1867 catenam
821 1823 1181 1868 Acconensem
1210 1830 1400 1868 exeunt
1425 1817 1613 1867 limites
1642 1817 1805 1867 dictae
1832 1818 2104 1884 parochiae
2132 1834 2299 1884 usque
2328 1817 2390 1867 ad
2417 1817 2531 1883 log-

353 1892 490 1957 giam
518 1893 742 1958 regalem
771 1892 1026 1943 exclusive
1054 1893 1175 1942 citra
1203 1905 1437 1942 catenam
1476 1908 1651 1942 versus
1692 1892 1742 1942 S.
1774 1892 2100 1942 Demetrium
2127 1905 2176 1942 et
2214 1892 2264 1943 S.
2296 1892 2532 1942 Marcum

354 1967 437 2031 ita,
467 1979 525 2017 ut
552 1966 640 2032 illi,
671 1966 762 2033 qui
789 1966 923 2017 inter
950 1967 1112 2017 dictos
1139 1967 1325 2017 limites
1354 1967 1649 2032 dictamque
1688 1967 1978 2017 clausuram
2007 1979 2054 2016 et
2080 1983 2262 2017 muros
2288 1966 2394 2016 sive
2422 1981 2530 2016 am-

355 2041 521 2091 bitum
549 2055 833 2107 morantur,
863 2042 927 2092 ad
956 2042 1075 2091 dicti
1103 2042 1309 2109 plebani
1338 2054 1385 2110 et
1413 2041 1652 2091 ecclesiae
1682 2041 1732 2092 S.
1764 2041 1923 2091 Marci
1953 2057 2130 2092 curam
2158 2053 2208 2091 et
2234 2041 2532 2108 parochiam

353 2116 656 2182 pertineant.
713 2116 994 2166 Ecclesiam
1033 2130 1204 2166 autem
1245 2117 1294 2166 S.
1326 2115 1574 2166 Demetrii
1614 2128 1662 2165 et
1700 2132 1883 2166 omnes
1911 2114 2021 2180 ejus
2049 2115 2409 2182 parochianos,
2439 2114 2531 2181 qui

355 2191 485 2240 intra
514 2191 674 2241 dictae
703 2190 968 2241 clausurae
997 2190 1360 2257 dictorumque
1394 2190 1620 2240 limitum
1649 2190 1900 2240 ambitum
1929 2189 2278 2255 continentur,
2306 2188 2530 2257 plebano

353 2265 668 2331 quibusdam
711 2265 1101 2316 conditionibus
1145 2265 1351 2315 dimittit
1393 2281 1602 2315 necnon
1646 2265 1832 2315 domos
1875 2281 1992 2314 suas
2030 2264 2162 2315 inter
2200 2264 2250 2315 S.
2281 2263 2530 2314 Demetrii

353 2339 617 2390 ecclesiam
636 2357 696 2390 ex
715 2357 823 2390 uno
841 2339 995 2390 latere
1013 2352 1062 2390 et
1080 2341 1299 2391 domum
1316 2341 1341 2390 J
1345 2339 1568 2390 ohannis
1587 2340 1649 2389 de
1667 2339 1892 2406 Nephin‚
1910 2339 2179 2404 burgensis
2196 2338 2530 2404 AcconensiS,

352 2414 486 2479 sitaS,
528 2432 588 2464 ex
615 2414 716 2464 alio
745 2427 793 2465 et
820 2417 882 2465 ab
910 2415 1151 2465 anteriori
1179 2414 1352 2464 vicum
1390 2414 1522 2481 regis
1558 2414 1803 2464 habentes
1838 2426 1886 2463 et
1912 2430 1940 2463 a
1967 2413 2238 2480 posteriori
2265 2429 2404 2463 mare
2432 2414 2528 2463 sub

352 2488 563 2538 annuali
583 2505 741 2540 censu
761 2490 947 2540 CCCC
966 2490 1307 2539 bisantiorum
1325 2489 1576 2539 concedit.
1618 2489 1843 2538 Plateam
1868 2504 1992 2537 vero
2019 2488 2124 2538 sive
2150 2489 2370 2539 domum
2398 2487 2531 2537 inter

354 2564 580 2613 fundum
610 2565 931 2615 Venetorum
972 2582 1032 2614 ex
1069 2580 1179 2614 uno
1214 2565 1366 2614 latere
1395 2576 1442 2613 et
1470 2561 1738 2613 ecclesiam
1764 2563 1869 2612 sive
1897 2562 2156 2629 porticum
2201 2562 2252 2613 S.
2282 2561 2530 2612 Demetrii

354 2654 413 2687 ex
441 2638 541 2687 alio
570 2651 617 2688 et
644 2640 705 2688 ab
734 2638 975 2689 anteriori
1003 2639 1279 2689 habentem
1319 2639 1492 2688 vicum
1530 2637 1749 2703 regium,
1784 2655 1812 2687 a
1839 2636 2112 2704 posteriori
2139 2637 2362 2687 domum
2389 2652 2530 2703 pres-

355 2713 543 2779 byteris
572 2713 622 2763 S.
642 2713 891 2763 Demetrii
916 2715 1168 2764 tenebunt
1185 2713 1370 2764 Veneti
1395 2726 1443 2763 et
1460 2712 1604 2763 XXV
1622 2712 1867 2762 bisantios
1895 2712 1945 2762 S.
1966 2711 2214 2761 Demetrii
2241 2723 2290 2761 et
2313 2710 2531 2761 totidem

354 2803 447 2854 pro
467 2788 629 2838 domo
648 2788 946 2838 sacerdotali
974 2800 1023 2838 et
1050 2788 1104 2838 in
1132 2787 1546 2853 recognitionem
1564 2787 1813 2837 dictarum
1843 2785 2178 2852 subjectionis
2206 2794 2254 2835 et
2282 2785 2530 2836 obedien-

352 2861 449 2911 tiae
478 2862 520 2911 L
547 2863 815 2912 annuatim
844 2863 1027 2913 Veneti
1056 2863 1275 2927 solvent,
1304 2863 1394 2912 sed
1423 2863 1520 2912 hos
1547 2862 1590 2911 L
1617 2861 1831 2912 reddere
1871 2861 2086 2910 minime
2126 2861 2459 2925 tenebuntur,
2488 2858 2531 2909 si

354 2935 614 2985 christiani
642 2954 704 2986 ex
731 2938 858 2987 urbe
886 2953 1007 2987 cum
1044 2938 1290 3004 episcopo
1319 2939 1380 2986 ab
1409 2936 1704 2986 infidelibus
1732 2935 2122 3002 expellerentur.
2169 2934 2265 2984 His
2293 2946 2342 2984 et
2368 2933 2530 3001 pluri-

353 3013 451 3060 bus
478 3011 586 3060 aliis
621 3011 1008 3062 conditionibus
1037 3012 1277 3079 expositis
1306 3011 1560 3061 debitores
1589 3023 1637 3060 et
1663 3010 1971 3077 principales
1998 3009 2282 3059 redditores
2308 3009 2529 3060 Jacobus

351 3084 529 3135 Vitalis
567 3086 730 3151 mileS,
771 3087 951 3136 Petrus
990 3086 1204 3151 Bricius,
1246 3086 1536 3136 Matthaeus
1579 3086 1866 3135 Marmorar
1907 3097 1955 3134 et
1995 3082 2423 3134 Bartholomaeus
2466 3083 2530 3132 de

353 3160 575 3209 Castello
603 3177 656 3209 se
685 3161 1019 3211 constituunt.
1048 3188 1122 3196 —-
1150 3162 1357 3228 Hebyas
1383 3161 1446 3210 de
1464 3159 1723 3224 Chalesi0,
1744 3159 1981 3209 ecclesiae-
2000 3158 2269 3208 Romanae
2289 3156 2530 3225 publicus

352 3234 600 3299 notariuS,
619 3234 819 3301 scripsit
836 3234 1145 3301 (Cornelius,
1164 3236 1357 3285 EccleS.
1373 3235 1555 3286 Venet.
1574 3235 1637 3299 X,
1664 3246 1789 3300 part.
1820 3251 1860 3299 1,
1879 3250 1929 3300 p.
1953 3248 2084 3297 2293
2114 3231 2530 3282 Tafel-Thomas
2601 3274 2606 3279 .

352 3309 429 3374 III,
459 3325 507 3375 p.
541 3311 773 3375 31—38,
812 3311 912 3360 No.
947 3327 1077 3376 3433
1122 3311 1183 3361 cf.
1224 3309 1470 3360 Archives
1510 3310 1558 3360 d.
1599 3308 1738 3358 miss,
1768 3306 1984 3358 scientis.
2014 3307 2071 3372 II,
2102 3323 2151 3374 p.
2185 3308 2282 3372 361
2304 3307 2527 3372 —3623

352 3383 505 3450 Heyd
533 3383 568 3448 I,
598 3400 647 3450 p.
687 3384 820 3449 152).
899 3381 902 3384 ’
2379 3377 2529 3429 1285

490 3515 519 3541 ,,
597 3479 707 3528 Jan.
728 3477 837 3528 init.
867 3478 995 3545 Tyri
1013 3477 1241 3543 (gallice).
1271 3505 1344 3513 —
1370 3478 1555 3543 Johan,
1585 3476 1833 3528 dominus
1861 3476 1924 3526 de
1953 3475 2054 3526 Sur
2081 3488 2130 3525 et
2157 3475 2265 3526 dou
2292 3475 2531 3540 Thoron,

354 3552 607 3618 Hospitali
646 3569 736 3619 per
775 3569 992 3603 manum
1032 3552 1259 3618 magistri
1298 3552 1544 3617 Hugonis
1580 3551 1805 3616 (Hugue)
1834 3551 1993 3600 Revel
2020 3550 2156 3599 varia
2183 3548 2447 3617 privilegia
2473 3565 2531 3599 ac

353 3627 492 3676 dona
521 3626 691 3692 sigillo
719 3627 904 3692 munit,
946 3627 1175 3693 primum
1216 3626 1404 3676 scilicet
1431 3627 1591 3676 casale
1621 3627 1808 3676 Maron
1835 3625 1890 3674 in
1916 3623 2173 3674 territorio
2199 3624 2327 3691 Tyri
2354 3623 2527 3688 situm,

353 3701 436 3750 cui
465 3701 630 3750 vicina
657 3714 779 3751 sunt
807 3701 987 3751 casalia
1014 3701 1367 3766 Andreguisse
1395 3713 1444 3750 et
1469 3700 1708 3751 Torciafe
1737 3712 1784 3749 et
1810 3699 2007 3764 gastina
2035 3699 2098 3748 de
2126 3698 2294 3766 Nyha‚
2322 3713 2530 3748 necnon

353 3775 574 3824 domum
601 3776 729 3842 Tyri
757 3776 812 3825 in
840 3775 1052 3825 introitu
1080 3792 1237 3840 rugae
1265 3776 1429 3839 sitam,
1460 3791 1592 3840 quae
1622 3773 1824 3824 domini
1852 3773 1970 3823 dicti
1998 3786 2046 3823 et
2073 3772 2382 3823 Pisanorum
2409 3772 2529 3822 fun-

354 3850 473 3898 dam
501 3862 712 3916 separat,
743 3862 790 3899 et
816 3849 896 3915 jus
926 3866 1088 3915 aquae
1117 3851 1179 3899 de
1209 3850 1350 3899 fonte
1379 3849 1552 3899 Nostri
1581 3848 1796 3899 Domini
1829 3847 2160 3912 egredientis;
2192 3863 2324 3913 quae
2352 3844 2530 3896 omnia

354 3924 474 3973 dicti
500 3923 753 3974 Johannis
791 3937 932 3991 pater
969 3926 1136 3974 bonae
1163 3923 1444 3974 memoriae
1473 3923 1720 3990 Phelippe
1749 3922 1812 3972 de
1840 3921 2094 3972 Montfort
2120 3920 2376 3988 Hospitali
2403 3935 2529 3972 con-
