2684 4244
912 92 1044 151 regni
1066 93 1501 153 Hierosolymitani.
2215 120 2282 167 47

197 273 346 321 1139
375 275 495 324 Dec.
515 275 562 334 ¹),
593 275 697 324 ind.
719 275 774 333 II,
804 274 1031 323 lun.VIl.
1068 304 1129 308 ——
1160 275 1489 325 Raimundus
1509 277 1564 339 II,
1584 294 1757 326 comes
1774 278 2147 343 Tripolitanus,
2168 297 2286 328 cum

120 364 275 397 uxore
307 348 569 397 Hodierna
600 366 693 414 pro
722 350 880 397 salute
910 350 1379 413 praedecessorum,
1409 352 1608 399 comitis
1628 352 1908 401 Raimundi
1938 354 1971 416 I,
2004 355 2285 407 Bertranni.

119 420 367 470 Willelmi
396 423 632 471 Iordanis
662 436 708 471 et
737 423 903 471 Pontii
935 423 1087 487 patris
1118 439 1323 471 necnon
1354 425 1524 472 matris
1554 426 1802 475 Caeciliae
1832 428 2070 475 ecclesiae
2102 428 2149 476 S.
2180 429 2287 476 Sal-

115 496 302 544 vatoris
331 496 392 544 de
426 498 602 545 Monte
631 497 805 545 Tabor
844 495 1112 545 confirmat
1155 497 1312 545 casale
1355 498 1662 547 Bethamum
1691 514 1843 565 atque
1873 502 2105 550 concedit
2136 503 2287 567 parti—

118 569 286 619 culam
316 568 472 633 illam,
504 587 634 635 quae
665 589 690 619 a
720 571 949 634 Georgio
979 570 1109 636 Syro
1139 571 1241 618 sive
1271 571 1318 618 vi
1348 572 1450 619 sive
1481 571 1604 621 dolo
1641 573 1805 622 eidem
1849 574 2087 623 ecclesiae
2128 575 2288 624 ablata

117 660 175 693 ex
215 657 352 710 parte
393 644 664 694 Bethelion
707 645 797 693 sita
841 658 928 693 est.
986 645 1328 693 Territorium
1371 661 1541 694 autem
1582 648 1839 696 Bethsami
1881 650 2181 698 terminatur
2228 652 2287 698 ab

117 717 313 766 oriente
358 734 520 783 usque
561 720 621 767 ad
665 719 795 767 viam
838 718 1120 783 antiquam,
1151 735 1282 783 quae
1313 732 1385 767 est
1414 720 1543 768 inter
1571 721 1847 770 Botsofiam
1879 736 1925 771 et
1953 724 2285 772 Bethsamum

117 791 463 854 nominatum,
494 810 519 841 a
550 793 761 842 meridie
793 809 958 857 usque
985 794 1044 841 ad
1073 793 1207 840 viam
1227 806 1448 842 veterem
1468 792 1604 856 juxta
1622 795 1928 861 Bethelyon,
1946 799 2007 845 ab
2027 798 2289 846 occidente

119 881 282 930 usque
323 867 384 914 ad
425 879 606 915 terram
651 867 699 915 S.
736 867 922 916 Mariae
964 867 1187 928 Latinae,
1229 884 1255 915 a
1284 868 1629 932 septentrione
1674 886 1836 934 usque
1876 872 1937 919 ad
1979 872 2287 921 territorium

118 939 292 988 casalis
332 940 462 988 Petri
503 942 564 989 de
608 942 770 990 Podio
810 942 1072 990 Laurentii
1116 941 1303 990 scilicet
1343 943 1749 992 Montemcucul.
1808 945 1922 993 Hoc
1949 946 2103 1009 igitur
2131 947 2289 995 casale

115 1013 264 1063 tradit
307 1030 480 1063 comes
524 1015 800 1078 Gaufrido,
859 1016 1052 1065 Montis
1096 1016 1271 1065 Tabor
1313 1016 1506 1071 abbati,
1553 1018 1776 1066 Martino
1822 1019 1995 1083 priori,
2040 1021 2290 1069 Garnerio

119 1087 379 1137 monacho
409 1102 456 1137 et
483 1089 670 1138 Pontio
700 1090 962 1139 Renuardi
993 1106 1165 1139 coram
1197 1089 1445 1152 GiraudO,
1476 1090 1819 1156 Tripolitano,
1862 1093 2091 1157 Giraldo,
2135 1095 2290 1142 Rafa-

117 1162 301 1224 niensi,
332 1162 603 1228 episcopis,
637 1163 889 1227 Alberico,
922 1165 1115 1213 Montis
1143 1165 1402 1227 Peregrini
1430 1165 1619 1230 priore,
1651 1166 1780 1229 regis
1811 1168 2090 1216 baronibus
2119 1185 2291 1217 assen-

116 1236 361 1285 tientibus
400 1235 589 1285 scilicet
623 1237 781 1287 Silvio
812 1238 1207 1298 constabulario,
1250 1239 1397 1287 Petro
1427 1239 1489 1287 de
1519 1240 1683 1288 Podio
1713 1241 1990 1299 Laurentii,
2023 1242 2291 1291 willelmo

117 1310 331 1368 Ebriaci,
374 1310 668 1360 Guocelino
697 1313 758 1360 de
789 1313 1088 1375 Chalmunt,
1122 1313 1390 1362 Willelmo
1424 1314 1486 1362 de
1517 1314 1655 1374 Crat,
1695 1315 1842 1363 Petro
1884 1315 2199 1381 Raymundo
2230 1318 2291 1365 de

117 1383 309 1434 Balma.
368 1384 652 1434 Gaufridus
681 1399 850 1435 autem
882 1389 1034 1435 abbas
1064 1387 1236 1436 comiti
1265 1386 1558 1453 lampadem
1599 1405 1692 1454 pro
1735 1389 1894 1455 ipsius
1934 1404 1980 1438 et
2019 1405 2290 1455 parentum

118 1457 349 1522 ejusdem
393 1459 552 1508 salute
596 1460 649 1508 in
693 1475 972 1526 conspectu
1016 1461 1479 1526 transfigurationis
1532 1463 1745 1511 Domini
1800 1464 1852 1512 in
1898 1465 2075 1513 Monte
2119 1465 2293 1513 Tabor

118 1549 344 1582 arsuram
386 1533 670 1583 confirmat
707 1563 776 1568 —
809 1535 1152 1597 RaimunduS,
1199 1553 1373 1585 comes
1412 1537 1783 1602 Tripolitanus,
1826 1539 2092 1587 Hodierna
2133 1539 2290 1587 comi-

118 1607 251 1669 tissa,
270 1607 550 1657 Jotrannus
580 1610 925 1671 cancellarius,
947 1610 1036 1674 qui
1067 1624 1250 1658 cartam
1283 1611 1499 1672 dictavit,
1532 1612 1746 1660 Pontius
1776 1613 1837 1660 de
1869 1612 2048 1678 Syura,
2079 1614 2293 1662 Pontius

119 1647 382 1745 Berriardi,
404 1682 660 1744 Albertus,
691 1684 929 1748 magister
958 1684 1174 1747 comitiS,
1196 1685 1458 1734 Giraudus
1484 1686 1623 1747 Zelo,
1652 1687 1928 1735 Brunellus
1957 1687 2294 1747 senescaICUS,

121 1756 449 1805 Raimundus
479 1757 708 1819 Arnaldi,
740 1758 884 1806 Ram
877 1759 1022 1807 ildus
1051 1759 1374 1808 camerarius,
1419 1760 1683 1809 Guarinus
1712 1761 1873 1809 scriba
1902 1762 1963 1810 de
1994 1762 2291 1811 Bethlehem

120 1843 305 1879 cartam
336 1830 534 1897 scripsit
563 1832 720 1893 (Paoli
751 1833 784 1893 I,
816 1849 864 1898 p.
906 1851 982 1897 19,
1015 1834 1112 1882 No.
1155 1835 1241 1893 183
1287 1833 1347 1883 cf.
1379 1850 1426 1899 p.
1459 1835 1787 1899 477—478).
2186 1835 2286 1883 191

247 1918 273 1964 ¹)
306 1915 357 1958 In
382 1925 511 1959 textu
536 1915 683 1960 falso:
720 1917 820 1959 XIII
845 1916 901 1959 id.
929 1917 1233 1974 Decembris,
1258 1933 1371 1961 num
1401 1918 1659 1976 legendum
1684 1930 1754 1963 est
1779 1920 1878 1962 VIII
1900 1919 1960 1963 id.
1984 1920 2263 1964 Decembris
2279 1926 2295 1962 ’ί

256 2031 285 2056 ‚‚
365 2023 436 2028 -
465 1995 702 2058 Caecilia,
734 1996 990 2045 comitissa
1019 1997 1356 2062 Tripolitana,
1394 2014 1486 2062 pro
1516 1998 1674 2046 salute
1703 1999 1903 2047 animae
1934 1999 2100 2048 Pontii
2131 2000 2296 2048 mariti

119 2085 379 2118 consensu
410 2070 611 2118 comitis
630 2070 912 2119 Raimundi
935 2070 1023 2119 filii
1053 2072 1290 2136 precibus
1320 2073 1450 2136 regis
1470 2072 1715 2121 Fulconis
1735 2086 1782 2121 et
1799 2074 2002 2136 reginae
2026 2074 2296 2122 Milisende

120 2143 383 2195 canonicis
411 2143 460 2192 S.
492 2143 761 2209 Sepulchri
792 2161 883 2210 per
913 2162 1126 2194 manum
1158 2146 1398 2210 ngrini,
1429 2146 1613 2212 prioris
1643 2148 1837 2196 Montis
1865 2148 2142 2212 Peregrini,
2173 2165 2295 2197 con—

120 2217 267 2278 cedit,
290 2230 344 2267 ut
361 2234 560 2279 omnes,
592 2219 682 2283 qui
711 2219 883 2279 velint,
914 2219 966 2268 in
997 2220 1151 2269 furno
1181 2234 1467 2270 conventus
1500 2235 1741 2286 coquant.
1773 2251 1840 2255 —
1872 2222 2130 2285 Giraldus,
2165 2223 2292 2288 epis·-

122 2308 284 2358 copus
327 2292 700 2358 Tripolitanus,
743 2295 921 2342 Petrus
958 2294 1020 2342 de
1063 2295 1226 2344 Podio
1266 2295 1543 2356 Laurentii,
1586 2297 1763 2345 Petrus
1805 2296 2134 2346 Raimundus
2164 2298 2296 2345 dela

120 2367 312 2429 Balma,
331 2367 591 2416 Jocelinus
621 2368 682 2416 de
712 2369 956 2417 Calmont
975 2368 1269 2431 (Calmunt),
1301 2369 1488 2418 Silvius
1517 2370 1790 2429 Robertus,
1821 2371 1996 2420 Petrus
2026 2372 2086 2419 de
2118 2371 2296 2429 Podio,

121 2441 262 2507 prior
279 2441 341 2489 de
361 2441 631 2508 Hospitali,
654 2443 892 2508 magister
911 2444 1195 2503 Albericus,
1217 2444 1356 2509 prior
1374 2445 1436 2492 de
1457 2445 1735 2507 Bethleem,
1754 2446 2049 2494 Willelmus
2070 2446 2297 2511 Apieres,

122 2515 402 2580 placearius
435 2517 626 2565 Montis
655 2517 933 2580 Peregrini,
977 2518 1259 2567 Homodeu
1298 2518 1595 2581 (Homodei)
1626 2519 1874 2580 (Roziere,
1907 2537 1955 2585 p.
1997 2521 2297 2585 183—184,

123 2590 221 2639 No.
254 2605 350 2653 92;
394 2590 514 2639 Lois
547 2589 641 2656 [ed.
675 2591 927 2656 Beugnot]
960 2593 1016 2655 II,
1059 2609 1106 2657 p.
1138 2609 1263 2657 499,
1306 2594 1404 2642 No.
1442 2610 1533 2654 203
1579 2594 1772 2658 Migne,
1812 2611 1860 2659 p.
1902 2611 2122 2657 1192—
2149 2613 2158 2643 1
2186 2612 2300 2659 193,

122 2664 221 2713 No,
253 2664 356 2727 92).
2192 2667 2301 2716 192

203 2750 352 2800 1140
379 2753 506 2812 Jan.,
521 2754 709 2804 ind.III.
731 2784 797 2788 ——
815 2755 1210 2817 Raimundusll,
1229 2773 1401 2804 comes
1415 2757 1787 2822 Tripolitanos,
1802 2774 2059 2806 consensu
2078 2758 2300 2806 Hodier-

123 2843 216 2876 nae
247 2827 439 2888 uxoris,
465 2829 596 2893 regis
627 2830 1082 2895 Hierosolymitani
1112 2830 1258 2891 filiae,
1291 2843 1337 2878 et
1366 2831 1601 2896 precibus
1622 2832 1871 2880 Willelmi
1902 2832 2210 2897 patriarchae
2241 2835 2300 2881 ab

123 2903 248 2950 urbe
268 2902 542 2951 Antiochia
562 2904 924 2969 Hierosolyma
946 2904 1238 2952 revertentis
1258 2921 1464 2954 necnon
1484 2906 1760 2969 Fulcherii,
1783 2907 2047 2972 Tyrensis,
2070 2907 2298 2958 Roberti.

123 2976 390 3039 Nazareni,
420 2977 947 3044 archiepiscoporum,
979 2991 1025 3026 et
1047 2979 1306 3037 Bernardi,
1339 2979 1676 3045 Sydoniensis
1707 2981 1950 3046 episcopi,
1984 2981 2218 3029 fratribus
2249 2982 2297 3030 S.

124 3049 392 3115 Sepulchri
424 3051 475 3100 in
506 3066 658 3117 portu
677 3053 1004 3118 Tripolitano
1032 3053 1250 3102 liberum
1283 3054 1472 3102 exitum
1505 3068 1552 3103 et
1580 3055 1776 3104 aditum
1808 3056 2042 3103 concedit
2072 3069 2117 3103 et
2147 3056 2300 3121 privi-

124 3124 270 3189 legia,
313 3141 444 3190 quae
476 3126 821 3189 Raimundus,
864 3144 1037 3175 comes
1079 3127 1127 3176 S.
1161 3128 1342 3191 Egidii,
1378 3129 1671 3178 Willelmus
1699 3130 1948 3187 Iordanis,
1984 3147 2144 3195 nepos
2174 3129 2298 3187 ejus,

124 3199 415 3248 Bernardus
443 3213 490 3248 et
518 3201 733 3250 Pontius
763 3201 974 3251 comites
1003 3202 1272 3262 dederunt,
1291 3203 1320 3265 ¹)
1363 3219 1568 3252 necnon
1610 3204 1658 3252 S.
1691 3204 1976 3267 Georgium
2007 3204 2174 3268 sigillo
2204 3222 2301 3252 suo

125 3271 408 3323 confirmat.
448 3303 504 3308 -—
539 3274 799 3336 Giraldus,
831 3276 1105 3340 episcopus
1133 3276 1377 3342 Tripolis,
1420 3278 1681 3326 ,Iohannes
1722 3278 2021 3333 canonicus,
2065 3279 2302 3342 magister

125 3345 435 3397 Gillebertus
451 3348 819 3413 (Gislebertus),
838 3350 1109 3398 Rainerius
1129 3352 1553 3413 constabularius,
1573 3353 1748 3401 Petrus
1764 3353 1825 3400 de
1845 3353 2005 3401 Podio
2024 3353 2298 3406 Laurentii,

129 3421 423 3471 Willelmus
453 3423 748 3487 Rainoardi,
792 3423 1137 3473 Gauscelinus
1168 3425 1511 3488 (Goscelinus)
1550 3427 1611 3475 de
1642 3428 1982 3486 (Iavomonte,
2006 3428 2301 3475 Willelmus

127 3494 409 3556 Porcelleti,
429 3497 578 3557 Saxo,
602 3499 815 3548 Pontius
845 3500 906 3547 de
938 3500 1082 3553 Sura,
1115 3499 1367 3549 Geraldus
1398 3500 1584 3563 Isnelli,
1618 3501 1890 3550 Bruncllus
1922 3501 2133 3566 dapifer,
2168 3502 2300 3567 Ray-

126 3570 357 3619 mundus
387 3571 659 3630 Lamberti,
691 3573 904 3622 Pontius
934 3572 1146 3633 Giraldi,
1178 3574 1471 3640 Stephanus
1501 3592 1768 3629 monacus,
1791 3577 2072 3632 Otrannus,
2104 3576 2299 3624 cancel—

125 3642 282 3692 larius
316 3645 531 3708 comitis,
563 3648 652 3711 qui
694 3648 917 3695 chartam
959 3647 1160 3696 dictavit
1205 3649 1454 3710 (Roziere,
1487 3666 1534 3714 p.
1579 3652 1707 3713 '84‘
1732 3652 1876 3713 —185,
1909 3650 2007 3698 No.
2041 3666 2136 3714 ψῃ
2184 3650 2302 3698 l.ois

129 3714 224 3781 [ed.
256 3717 509 3783 Beugnot]
543 3720 597 3782 ΙΙ,
642 3738 688 3786 p.
726 3739 1028 3786 504ss-ff-5o5,
1068 3722 1166 3771 No.
1202 3739 1294 3788 233
1342 3724 1533 3788 Migne,
1568 3741 1613 3789 p.
1658 3742 1665 3772 1
1696 3741 1855 3788 ιωρςω
1881 3742 1888 3772 ι
1918 3742 2029 3788 194,
2074 3726 2171 3773 No.
2205 3738 2299 3788 om

131 3792 422 3855 Duchesne,
454 3794 582 3844 Hist.
613 3795 811 3860 ge‘ne‘al.
844 3796 904 3844 de
935 3795 980 3843 la
1010 3797 1210 3846 maison
1241 3798 1302 3846 de
1333 3798 1725 3863 Chasteigneur,
1763 3799 1900 3847 Paris
1943 3800 2091 3863 ¹⁶34,
2124 3816 2299 3864 preuv.

128 3881 177 3932 p·
213 3868 460 3932 37—38).
683 3883 708 3930 ¹)
735 3879 806 3922 (If.
833 3893 970 3936 supra
999 3880 1086 3923 No.
1109 3880 1181 3936 48,
1206 3882 1274 3939 58,
1308 3897 1398 3939 191,
1432 3897 1521 3938 192.
2196 3871 2301 3919 193
