2684 4244
909 156 1039 212 regni
1065 155 1498 213 Hierosolymitani.
2252 158 2299 200 81

132 319 147 392 Η
173 323 321 373 Hanc
363 322 759 372 conventionem
804 323 1071 372 Rainerius
1101 324 1255 384 Zeno,
1300 324 1401 371 dux
1430 323 1762 379 Venetorum,
1809 325 1838 372 8
1885 328 2121 387 Augusto
2172 341 2305 389 ¹259

133 396 453 447 confirmavit
481 397 558 457 (D.
587 397 720 446 Cart.
752 397 806 458 II,
834 414 880 462 p.
911 398 1032 460 876,
1065 398 1162 446 No.
1197 399 1363 453 2026:
1395 397 1586 446 Invent.
1614 415 1662 462 p.
1696 399 1779 461 96,
1808 399 1904 446 No.
1939 399 2073 463 316).
2134 397 2305 446 12732

213 482 360 534 1259
386 485 500 535 Jun.
535 500 616 534 20.
646 485 926 547 Anagniae.
970 512 1040 520 —
1085 485 1376 535 Alexander
1420 486 1484 534 IV
1538 486 1902 536 archidiacono
1946 487 2205 552 Lyddensi
2261 502 2307 536 et

130 557 444 610 thesaurario
473 559 730 624 Berytensi
760 559 983 622 mandat,
1026 573 1095 623 ut,
1137 576 1301 624 quum
1333 560 1556 622 (Petrus),
1596 562 1750 609 abbas
1795 561 1843 609 S.
1875 562 2061 610 Mariae
2092 563 2153 611 de
2182 562 2306 611 valle

131 632 390 699 Josaphat,
409 633 606 681 Romae
635 645 809 683 contra
840 633 1093 684 decanum
1123 633 1361 685 ecclesiae
1389 634 1657 699 Joppensis
1674 634 1735 682 de
1752 635 2065 699 quibusdam
2094 636 2305 685 decimis

132 705 210 768 jus
237 723 389 758 suum
420 706 629 772 adipisci
658 707 789 767 velit,
819 708 1022 766 damna,
1064 725 1196 772 quae
1241 721 1517 773 postquam
1547 708 1770 757 Romam
1799 709 1948 771 venit,
1995 710 2100 775 ipse
2130 727 2307 774 passus

132 794 220 838 est,
247 794 480 847 reparent
509 781 648 842 (Rev,
680 781 741 829 de
769 780 986 831 l'Orient
1012 782 1092 832 lat.
1121 782 1222 843 VII,
1251 799 1296 847 p.
1336 782 1636 846 182-183.
1664 782 1765 830 No.
1795 782 1895 846 75).
2135 780 2308 831 1273b

280 909 311 932 „
389 870 505 919 Jun.
536 886 618 920 21.
650 870 929 934 Anagniae.
951 869 1866 932 --AlexanderIV(Thoman.Pr.)‚
1888 871 2133 936 episcopo
2152 873 2307 921 Beth-

129 942 392 1003 lemitano,
419 943 587 1009 legato
615 943 759 994 Sedis
787 945 1130 1011 Apostolicae,
1159 944 1352 995 cantori
1385 944 1679 994 Acconensi
1719 957 1765 993 et
1806 945 2123 994 thesaurario
2153 947 2308 1011 Bery-

130 1018 259 1066 tensi
284 1018 508 1080 mandat,
536 1032 606 1079 ut,
635 1035 802 1084 quum
832 1020 1054 1081 (Petrus),
1095 1021 1248 1068 abbas
1278 1019 1323 1068 S.
1358 1018 1546 1067 Mariae
1587 1019 1648 1066 de
1689 1018 1818 1066 valle
1846 1020 2102 1084 Josaphat,
2130 1034 2308 1068 contra

131 1091 430 1141 sententiam
474 1094 536 1141 ab
581 1092 821 1155 (Jacobo),
863 1093 1140 1159 patriarcha
1171 1092 1664 1159 Hierosolymitano,
1711 1093 1771 1140 de
1815 1094 2159 1143 controversia
2189 1110 2307 1144 cum

131 1166 328 1214 decano
355 1166 602 1233 Joppensi
631 1168 855 1232 vergenti
886 1167 1037 1215 latam
1070 1167 1293 1215 Romam
1323 1166 1662 1233 appellaverit,
1699 1183 1748 1215 re
1792 1168 1919 1216 bene
1962 1168 2162 1231 cognita
2191 1185 2308 1217 sen-

129 1239 348 1376 ffintiam)
391 1240 698 1289 confirment
741 1254 828 1289 aut
872 1241 1175 1303 infirment1)
1217 1242 1410 1303 (Revue
1454 1241 1514 1290 de
1558 1240 1780 1289 l'Orient
1822 1240 1904 1290 lat.
1955 1242 2053 1304 VII,
2094 1244 2307 1363 μηιξὲ,

181 1330 231 1363 0.
262 1315 330 1367 76
355 1350 364 1359 .
2290 1321 2309 1348 c

285 1385 312 1430 ¹)
336 1383 412 1426 Ad
435 1383 649 1427 chartam
672 1395 885 1429 nostram
910 1384 1160 1442 pertinent,
1198 1399 1320 1442 quae
1343 1385 1436 1430 hoc
1458 1384 1569 1429 loco
1596 1395 1826 1428 annotare
1850 1384 1998 1428 liceat.
2042 1385 2230 1430 Scilicet
2260 1401 2306 1445 13

131 1440 205 1486 die
228 1441 349 1485 Nov.
379 1441 487 1499 1258
511 1443 754 1500 Anagniae
780 1444 1123 1488 Constantinus
1149 1457 1204 1488 ex
1227 1454 1363 1501 parte
1380 1443 1635 1488 Alexandri
1653 1444 1715 1487 IV
1739 1444 1969 1501 magistro
1991 1444 2228 1490 Dalfinato
2251 1446 2308 1489 de

129 1501 346 1566 Neapoli,
383 1500 596 1559 ejusdem
634 1517 784 1560 papae
822 1503 1136 1554 subdiacono,
1166 1503 1437 1559 committit,
1475 1515 1525 1548 ut
1563 1504 1723 1547 audiat
1762 1503 2145 1561 appellationem,
2181 1519 2306 1563 quae

129 1570 325 1605 vertitur
347 1571 466 1605 inter
489 1561 900 1620 archiepiscopum
925 1573 970 1606 et
994 1563 1252 1619 capitulum
1277 1564 1614 1621 Tyronensem
1638 1577 1694 1606 ex
1718 1578 1809 1606 una
1836 1574 1966 1620 parte
2002 1575 2047 1608 et
2082 1566 2308 1608 abbatem

131 1630 178 1664 et
211 1630 501 1664 conventum
541 1622 588 1665 S.
613 1621 788 1665 Mariae
820 1622 877 1665 de
915 1622 1032 1666 valle
1056 1622 1284 1680 Josaphat
1323 1638 1379 1666 ex
1417 1622 1559 1667 altera
1599 1634 1730 1680 parte
1765 1621 1839 1678 (cf.
1878 1622 1997 1666 infra
2021 1624 2112 1668 No.
2144 1630 2306 1682 12902).

131 1677 357 1738 Ejusdem
381 1679 491 1724 anni
515 1680 589 1725 die
620 1696 665 1724 12
698 1681 970 1725 Decembris
987 1681 1212 1739 magister
1235 1682 1529 1740 Angelerius,
1554 1693 1840 1741 procurator
1862 1682 2045 1726 abbatis
2071 1683 2309 1741 antedicti,

131 1751 291 1783 coram
314 1739 556 1784 antedicto
582 1739 809 1797 magistro
836 1739 1074 1785 Dalfinato
1100 1752 1266 1785 contra
1291 1741 1528 1785 decanum
1565 1754 1610 1786 et
1634 1740 1881 1785 ecclesiam
1907 1742 2201 1799 joppensem
2224 1757 2307 1801 ap-

130 1797 435 1856 pellationem
449 1809 628 1854 movet,
648 1814 796 1857 quum
816 1800 1109 1857 patriarchae
1124 1800 1549 1859 Hierosolymitani
1568 1800 1781 1845 officialis
1798 1800 2023 1858 magister
2038 1802 2308 1859 Guibertus,

131 1858 389 1902 canonicus
412 1858 725 1916 Synodiensis
751 1858 864 1914 (sic),
887 1859 1016 1903 litem
1043 1861 1100 1904 de
1126 1859 1319 1904 decimis
1340 1860 1630 1918 quibusdam
1649 1870 1914 1904 vertentem
1945 1859 2114 1919 injuste
2139 1860 2307 1920 dijudi-

131 1917 343 1962 cavisset.
387 1917 484 1961 Sed
505 1918 761 1975 4Januarii
786 1919 858 1962 die
891 1933 998 1976 ¹250
1037 1919 1262 1976 magister
1283 1920 1561 1977 Angelerius
1598 1921 1873 1978 comparuit
1909 1931 1983 1964 »et
2019 1921 2306 1978 exspectavit

131 1990 219 2034 pro
233 1976 451 2022 Johanne
468 1978 525 2022 de
541 1977 797 2033 Guercino,
815 1990 1124 2035 procuratore
1145 1978 1286 2036 partis
1307 1979 1549 2036 adversae,
1567 1979 1755 2024 nemine
1776 1992 2094 2036 comparente.
2111 1991 2307 2039 propter

130 2037 265 2094 quod
297 2035 425 2081 idem
459 2036 686 2095 magister
710 2037 1006 2095 Angelerius,
1045 2036 1256 2095 ejusdem
1295 2038 1522 2084 Johannis
1560 2049 1862 2097 procurator,
1899 2040 2042 2096 partis
2079 2046 2306 2085 adversae

131 2095 483 2140 contumaciam
521 2095 751 2141 incusavit
788 2108 952 2154 petens
992 2097 1221 2142 instanter
1244 2098 1439 2156 procedi
1473 2099 1518 2142 in
1552 2099 1748 2156 negotio
1776 2099 2020 2155 predicto«
2058 2100 2145 2156 (Ex
2180 2101 2305 2144 arch.

130 2155 355 2199 panorm.
379 2156 508 2200 tabb.
533 2155 579 2200 di
602 2156 652 2201 S.
676 2157 821 2200 Maria
846 2157 1094 2201 Madalena
1119 2158 1212 2201 No.
1245 2171 1346 2215 ¹09;
1373 2157 1501 2202 dedit
1525 2159 1577 2202 D.
1606 2159 1801 2202 Charles
1824 2159 2038 2214 Kohle).

170 2261 176 2271 ·
279 2275 308 2299 „
385 2234 480 2284 Jul.
520 2253 595 2289 17.
626 2235 841 2302 Tripoli.
863 2264 930 2270 —-—
953 2235 1140 2285 Charta
1161 2236 1532 2286 canonicorum
1553 2240 1885 2303 quorundam
1914 2238 1966 2286 in
1998 2238 2058 2287 D.
2091 2239 2223 2289 Cart.
2253 2239 2306 2301 II,

131 2326 179 2378 p.
211 2310 332 2369 872,
360 2310 459 2360 No,
494 2326 650 2375 2922.
2160 2310 2306 2360 1274

277 2437 305 2458 „
381 2398 477 2448 Jul.
515 2416 589 2451 17.
614 2423 690 2435 ·-—
719 2399 876 2463 Hugo
919 2400 1088 2462 Revel,
1130 2400 1368 2463 magister
1397 2400 1693 2466 Hospitalis,
1731 2414 1778 2450 et
1820 2401 2101 2468 Philippus,
2130 2415 2306 2451 cantor

131 2471 369 2523 ecclesiae
387 2473 749 2542 Tripolitanae,
770 2486 928 2538 agunt
947 2489 1121 2522 coram
1140 2472 1394 2536 judicibus
1413 2477 1473 2524 ab
1494 2475 1792 2542 Apostolica
1813 2475 1942 2524 Sede
1965 2476 2223 2526 destinatis
2243 2477 2304 2526 de

130 2546 391 2597 solutione
412 2547 638 2597 decimae
658 2547 897 2598 casalium
913 2549 944 2609 1)
974 2562 1020 2596 et
1037 2561 1302 2608 terrarum,
1323 2566 1456 2614 quae
1477 2550 1738 2615 Hospitale
1761 2551 1975 2599 habebat
1993 2550 2043 2600 in
2062 2552 2306 2601 comitatu

130 2621 471 2688 TripolitanO,
501 2635 550 2671 et
575 2635 690 2671 ante
720 2622 883 2672 dictus
912 2622 1178 2688 Philippus
1206 2640 1418 2672 assensu
1439 2623 1703 2689 Opizonis,
1741 2625 1965 2690 episcopi
1983 2625 2306 2690 Tripolitani,

131 2707 179 2745 et
221 2708 501 2746 conventus
545 2697 769 2745 chartam
813 2713 963 2762 supra
1008 2697 1194 2746 dictam
1248 2697 1517 2747 confirmat
1571 2699 1648 2760 (D.
1678 2700 1811 2748 Cart.
1841 2699 1894 2757 II,
1923 2717 1969 2765 p.
2000 2700 2307 2760 871—-872,

131 2770 231 2820 No.
264 2786 431 2834 2921;
463 2770 655 2821 Invent.
686 2788 731 2835 p.
762 2773 846 2834 oo,
875 2772 973 2820 No.
1009 2772 1146 2836 315).
2138 2773 2308 2822 127421.

286 2842 316 2895 ¹)
340 2840 410 2883 De
435 2838 503 2883 his
528 2839 721 2884 decimis
748 2841 804 2885 cf.
831 2842 1044 2885 chartam
1069 2841 1242 2886 eodem
1266 2856 1393 2886 anno
1422 2853 1467 2885 et
1492 2842 1566 2885 die
1591 2841 1768 2886 editam
1792 2842 1839 2886 in
1863 2843 1958 2887 RH.
1984 2844 2072 2888 No.
2105 2859 2227 2903 ¹274·

277 2957 306 2983 „
383 2923 516 2986 Aug.
547 2935 592 2967 2.
622 2924 812 2969 Accon.
839 2947 911 2954 —
942 2918 1197 2984 Epistolae
1244 2920 1512 2984 Eustorgii,
1551 2921 1776 2987 episcopi
1820 2921 2215 2983 TiberiadeiisiS‚
2259 2936 2307 2973 et

132 2993 325 3043 abbatis
364 2992 413 3042 S.
446 2992 696 3044 Samuelis
727 2993 1042 3042 Acconensis
1081 2993 1133 3041 in
1177 2994 1237 3043 D.
1278 2995 1411 3045 Cart.
1440 2995 1493 3057 ΙΙ,
1523 3011 1569 3061 p.
1601 2997 1722 3059 875,
1768 2996 1820 3044 in
1850 2997 1946 3046 No,
1981 3014 2115 3062 2925
2150 2998 2307 3046 inser-

131 3080 208 3116 tae
236 3080 371 3117 sunt.
397 3121 400 3125 ,
1906 3070 2052 3120 1275
2081 3086 2126 3121 et
2162 3070 2306 3119 1276

280 3193 307 3213 „
383 3159 516 3219 Aug.
551 3174 592 3221 5.
621 3156 761 3222 Tyri.
797 3184 859 3192 —-
889 3156 1078 3207 Charta
1098 3157 1280 3223 prioris
1300 3157 1350 3207 S.
1371 3158 1628 3208 Laurentii
1654 3159 1706 3208 in
1728 3160 1788 3209 D.
1819 3161 1952 3210 Cart.
1976 3161 2028 3218 Il.
2061 3179 2106 3227 p.
2127 3163 2306 3225 875—-

134 3230 255 3290 876,
283 3229 381 3281 No.
414 3246 569 3294 2925.
2163 3234 2304 3284 1277

280 3341 307 3362 „
384 3308 516 3369 Aug.
547 3304 591 3353 8.
620 3304 835 3370 Tripoli.
867 3333 936 3340 -—-
966 3305 1154 3356 Charta
1182 3305 1654 3369 Coelestini,assisii
1684 3309 1921 3358 ecclesiae
1939 3310 2307 3375 Tripolitanae,

132 3378 186 3428 in
214 3378 273 3428 D.
303 3377 436 3430 Cart.
465 3377 518 3441 ll,
546 3396 594 3444 p.
626 3380 934 3442 876—-877,
966 3380 1062 3430 No.
1095 3397 1254 3444 2927.
2161 3383 2306 3431 1278

281 3504 309 3527 „
390 3472 521 3532 Aug.
556 3484 637 3531 29.
672 3496 738 3503 ——-
771 3468 1016 3533 Philippa,
1046 3469 1279 3535 priorissa
1309 3472 1602 3520 monasterii
1634 3472 1681 3521 S.
1714 3473 1884 3521 Lazari
1916 3473 1977 3521 de
1999 3473 2304 3535 Bethania,¹)

134 3539 259 3590 olim
285 3540 506 3590 instituta
537 3558 625 3608 per
639 3541 976 3604 G(eroldum),
1006 3543 1339 3609 patriarcham
1369 3545 1901 3611 Hierosolymitanum
1933 3559 1979 3595 et
1998 3546 2142 3595 Sedis
2164 3552 2305 3613 Apo-

133 3614 336 3665 stolicae
364 3614 603 3682 legatum,
633 3630 778 3681 grato
808 3617 981 3665 animo
1011 3618 1242 3681 declarat,
1263 3620 1437 3684 quoad
1458 3620 1604 3677 vivat,
1634 3622 1916 3686 prioratum
1946 3621 2036 3669 sibi
2068 3622 2304 3670 obtinen-

134 3689 259 3738 dum
287 3688 562 3756 Hospitalis
592 3691 908 3754 magistrum,
951 3691 1031 3741 cui
1077 3692 1269 3742 dictum
1298 3695 1668 3743 monasterium
1700 3698 1761 3743 ab
1792 3697 2084 3743 Alexandro
2116 3696 2178 3744 IV
2208 3710 2303 3745 tra-

134 3763 295 3812 ditum
337 3761 549 3827 fuerit,²)
589 3765 894 3815 concessisse
936 3766 1013 3828 (D.
1054 3765 1189 3817 Cart.
1231 3767 1285 3829 ΙΙ,
1325 3785 1370 3834 p.
1402 3770 1525 3825 878.
1568 3770 1663 3817 No.
1706 3786 1875 3832 2929ς
1920 3770 2111 3817 Invent.
2144 3787 2188 3835 p.
2221 3772 2304 3824 61,

134 3838 231 3888 No.
263 3836 399 3902 317).
1536 3873 1540 3878 .
2132 3842 2300 3892 1278u

291 3906 318 3963 ¹)
343 3908 493 3952 Antea
519 3918 631 3951 nota
657 3922 755 3951 non
780 3907 878 3952 fuit.
1004 3910 1036 3966 ²)
1060 3910 1156 3955 RH.
1180 3911 1272 3956 No.
1302 3927 1411 3968 1244
1435 3914 1504 3961 (iti
1529 3914 1628 3956 Jan.
1661 3915 1799 3970 1250).

314 3996 343 4030 R
359 3996 417 4029 oh
432 4007 449 4030 1·
465 3996 472 4029 i
488 3997 543 4031 ch
560 4003 583 4039 t,
612 3998 780 4040 Regesta.
2011 3987 2036 4029 (ἱ
