2684 4244
965 142 1094 199 regni
1119 140 1553 202 Hierosolymitani.
2238 165 2263 197 2
2278 166 2338 213 50

169 217 397 224 ———-0———-
405 220 428 222 ,η
443 220 455 221 W
471 220 473 222 .

166 330 329 394 fuerit,
358 331 544 380 deinde
574 332 665 381 has
695 333 1047 398 possessiones
1079 333 1432 382 ultramarinas
1462 333 1755 382 confirmat:
1799 333 2050 382 decimam
2082 335 2340 398 Thecuae,

164 405 226 454 de
256 404 380 472 Scyr
408 419 454 454 et
482 406 778 469 Bethscuar,
810 407 986 455 casalia
1017 407 1065 456 S.
1088 407 1316 472 Georgii,
1346 408 1645 470 Bethenase,
1677 408 1987 471 Bethelaam,
2020 410 2339 472 Berbetham,

165 478 404 540 Quercus
425 480 461 542 3)
491 492 537 529 et
567 479 825 544 jardinum
854 481 1112 544 Archas,⁴)
1144 481 1195 530 in
1225 482 1521 546 episcopatu
1564 482 1807 530 Ramensi
1850 496 2033 530 terram
2071 496 2119 531 et
2149 483 2340 532 herbile

163 552 446 602 Belmekim
476 566 523 603 et
551 554 757 613 Oliban,
800 554 851 603 in
881 556 1322 621 archiepiscopatu
1353 555 1668 604 Caesariensi
1707 556 1921 618 Belveir,
1970 557 2022 605 in
2063 557 2339 622 archiepis—

164 639 348 693 copatu
368 628 831 692 NazaretBedaica,
862 629 914 677 in
945 629 1243 695 episcopatu
1263 630 1547 678 Thabariae
1567 630 1738 692 Haim,
1771 630 2035 679 ecclesiam
2067 630 2115 680 S.
2137 631 2341 680 Martini

162 701 469 767 Tyrensem,
515 702 565 752 S.
597 703 785 752 Mariae
827 703 1246 766 Gibelletensem,
1292 703 1341 752 S.
1374 704 1563 752 Mariae
1609 705 1670 752 de
1717 705 1894 753 Monte
1942 705 2339 768 peregrinorum

163 791 282 825 cum
311 776 581 839 Calamon,
612 776 879 826 ecclesiam
908 794 1065 826 unam
1096 779 1440 843 Joppen'sem.
1475 817 1483 826 .
1517 817 1527 826 .
1561 817 1588 840 .,
1619 777 1813 844 Seylon
1842 779 1896 827 in
1923 779 2177 828 territorio
2208 780 2340 828 Nea—

162 848 413 915 politano,
445 851 604 899 casale
634 852 913 909 Bethleem,
945 864 1145 914 terram,
1178 868 1335 916 quam
1365 864 1542 900 tenent
1569 852 2030 918 Hierosolymitani
2060 854 2343 917 burgenses

161 923 310 972 sitam
349 924 479 973 inter
518 924 778 974 Bethleem
809 939 856 974 et
883 927 1180 986 Jerusalem,
1223 926 1381 974 casale
1411 926 1464 974 in
1494 925 1734 988 Galilaea,
1771 927 1914 990 quod
1948 927 2109 975 Bedar
2139 928 2339 986 dicitur,

163 998 271 1047 duo
300 998 480 1047 casalia
509 999 562 1048 in
590 999 819 1048 confinio
840 1000 996 1049 Vallis
1026 1001 1087 1049 de
1109 1001 1296 1064 Cursu,
1328 1016 1459 1065 quae
1480 1000 1832 1066 Caphrapalos
1863 1014 1908 1049 et
1937 1001 2201 1050 Caxusum
2232 1002 2342 1050 vul-

161 1071 345 1136 gariter
372 1072 710 1138 appellantur,
742 1074 927 1122 domos
957 1088 1003 1123 et
1031 1075 1207 1124 hortos
1237 1073 1289 1122 in
1318 1076 1444 1123 urbe
1465 1074 1845 1140 Hierosolyma,
1875 1092 2040 1124 unum
2073 1075 2342 1124 hominem

162 1163 281 1195 cum
312 1145 543 1210 ejusdem
574 1147 1006 1213 possessionibuS,
1028 1149 1247 1198 domum
1267 1152 1627 1198 Acconensem
1648 1149 1780 1197 inter
1798 1149 2063 1198 ecclesiam
2084 1149 2133 1198 S.
2154 1150 2341 1198 Mariae

162 1220 224 1269 de
254 1221 421 1270 Platea
450 1234 495 1270 et
523 1234 668 1270 vetus
698 1221 944 1288 palatium
974 1223 1136 1287 sitam,
1172 1222 1308 1286 juxta
1336 1223 1657 1286 Bethlehem,
1700 1223 1977 1272 Bethlezan
2007 1236 2052 1271 et
2081 1224 2341 1272 Artasium

163 1295 517 1360 possessiones
547 1309 594 1345 et
621 1309 791 1359 terras,
835 1295 998 1360 majus
1028 1310 1284 1361 stagnum,
1319 1298 1459 1346 unde
1500 1298 1783 1362 antiquitus
1823 1314 1954 1363 aqua
1995 1297 2048 1347 in
2077 1297 2342 1347 Bethleem

162 1369 355 1418 solebat
384 1370 627 1445 defluere,
659 1387 777 1419 cum
808 1371 1127 1437 pertinentiis
1168 1373 1228 1420 ab
1262 1372 1512 1421 Anselmo
1554 1372 1615 1420 de
1660 1373 1918 1420 parentela
1958 1389 2168 1421 assensu
2212 1373 2342 1436 regis

162 1444 370 1507 collatis,
402 1444 528 1494 duas
557 1458 837 1494 carrucatas
866 1458 1040 1509 terrae,
1070 1462 1197 1511 quas
1227 1446 1488 1496 Geroldus
1518 1446 1570 1494 in
1600 1446 1854 1496 territorio
1883 1446 2087 1509 Phagor
2116 1447 2340 1509 donavit,

162 1531 316 1567 terras
358 1518 411 1567 in
450 1518 703 1568 territorio
744 1520 1030 1581 Bethamar,
1072 1520 1318 1570 villanum
1361 1537 1479 1569 cum
1520 1521 1798 1569 hereditate
1840 1520 1892 1569 in
1934 1520 2081 1569 casali
2124 1521 2249 1587 Sayr
2281 1522 2342 1569 ab

162 1593 369 1641 Andrea
403 1593 465 1642 de
493 1593 717 1659 Templo
760 1594 1019 1657 collatum,
1061 1595 1192 1643 inter
1231 1594 1532 1643 Bethlehem
1575 1608 1622 1644 et
1661 1595 1939 1644 Jerusalem
1980 1594 2158 1659 casale,
2201 1596 2342 1660 quod

163 1666 372 1716 donavit
412 1666 626 1716 pisellus
670 1668 955 1717 vicecomes
996 1681 1044 1717 et
1084 1670 1223 1718 Gisla
1265 1686 1394 1718 uxor
1422 1683 1468 1718 et
1497 1670 1655 1733 vulgo
1696 1682 1879 1718 vocant
1918 1669 2247 1733 Cadichinos,
2290 1670 2343 1717 in

162 1740 416 1790 territorio
458 1741 507 1791 S.
541 1742 774 1791 Abrahae
805 1744 965 1792 casale
995 1743 1358 1810 Bethenasipli,
1402 1761 1462 1792 ex
1502 1744 1660 1792 feudo
1702 1743 1907 1793 Radulfi
1949 1744 2012 1792 de
2054 1744 2342 1793 Fontaneto

162 1815 322 1864 casale
364 1815 705 1876 Bechfassam,
751 1817 804 1865 in
847 1819 971 1866 urbe
1013 1819 1288 1867 Caesareae
1329 1817 1640 1867 Palaestinae
1682 1819 1900 1867 domum
1930 1831 1977 1867 et
2017 1818 2070 1867 in
2109 1817 2343 1882 ejusdem

164 1889 420 1939 territorio
465 1891 624 1939 casale
666 1891 883 1954 Belveir,
930 1891 982 1940 in
1028 1892 1280 1941 territorio
1324 1892 1570 1941 Ramensi
1615 1893 1773 1941 casale
1816 1892 2054 1957 Thaeria,
2099 1892 2152 1941 in
2197 1893 2342 1941 casali

167 1963 216 2014 S.
250 1964 440 2013 Mariae
470 1964 580 2014 VIII
610 1979 890 2014 carrucatas
919 1979 1094 2029 terrae,
1137 1966 1316 2015 casalia
1346 1966 1682 2031 Bethmelchi,
1725 1967 1951 2016 Heberre
1981 1980 2028 2016 et
2055 1967 2255 2030 Luban,
2292 1967 2343 2015 in

165 2040 290 2088 urbe
318 2039 522 2105 Joppen
551 2040 739 2089 domos
768 2053 815 2089 et
844 2052 1017 2104 terras,
1040 2040 1176 2104 juxta
1206 2041 1402 2090 flumen
1420 2042 1759 2091 Eleutherum
1789 2042 1827 2090 ΙΙ
1857 2054 2137 2091 carrucatas
2164 2055 2340 2104 terrae,

162 2113 406 2179 Cayphae
438 2113 658 2163 domum
687 2114 907 2163 vicinam
938 2129 1127 2180 portae,
1157 2132 1258 2180 qua
1287 2116 1387 2164 itur
1415 2116 1467 2165 in
1499 2117 1682 2165 urbem
1715 2120 1910 2180 Accon,
1953 2129 2000 2165 et
2029 2117 2081 2165 in
2110 2115 2341 2180 ejusdem

162 2187 420 2237 territorio
450 2187 490 2236 II
527 2201 809 2238 carrucatas
848 2202 1024 2253 terrae,
1069 2190 1121 2238 in
1162 2192 1286 2239 urbe
1327 2190 1613 2239 Tiberiadis
1654 2191 1871 2240 domum
1914 2204 1961 2239 et
1999 2191 2053 2240 in
2092 2190 2344 2240 territorio

164 2261 326 2311 casale
344 2261 466 2311 Aim
494 2279 611 2312 cum
644 2263 978 2328 pertinentiis,
1009 2281 1140 2329 quae
1170 2264 1238 2313 cis
1267 2277 1314 2313 et
1342 2265 1463 2313 citra
1484 2265 1697 2330 flumen,
1719 2265 1863 2330 quod
1893 2282 1919 2313 a
1949 2265 2075 2314 mari
2096 2266 2343 2315 Cedeleae

164 2336 359 2400 defluit,
402 2336 495 2385 sita
523 2350 658 2400 sunt,
687 2337 847 2387 casale
877 2339 1088 2388 Sembra
1119 2356 1179 2387 ex
1208 2340 1350 2388 dono
1382 2339 1558 2404 Ulrici,
1587 2339 1903 2389 vicecomitis
1930 2340 2270 2405 Neapolitani,
2300 2353 2345 2388 et

164 2410 326 2459 casale
370 2411 684 2477 Capraculae
730 2429 788 2461 ex
834 2414 977 2462 dono
1022 2413 1285 2462 Bernardii
1318 2414 1559 2477 Vaccarii,
1606 2413 1766 2463 casale
1808 2414 2082 2478 Ramadec,
2125 2415 2178 2463 in
2219 2416 2344 2463 urbe

163 2485 434 2534 Ascalonis
463 2486 684 2535 domum
714 2504 831 2536 cum
864 2487 1185 2551 stationibus,
1222 2488 1466 2537 balneum
1495 2488 1742 2552 vicinum,
1773 2487 2033 2553 jardinum
2062 2502 2195 2538 extra
2225 2505 2344 2554 por—

162 2571 282 2623 tam,
313 2575 444 2625 quae
474 2560 679 2626 respicit
708 2562 770 2610 ad
791 2561 1063 2625 orientem,
1096 2579 1248 2612 muro
1277 2561 1610 2626 adjacentem,
1639 2575 1811 2626 terras,
1831 2563 2022 2626 vineas,
2055 2563 2267 2612 furnum
2298 2575 2344 2611 et

165 2634 546 2699 molendinum,
569 2635 635 2684 IV
654 2648 936 2685 carrucatas
966 2648 1125 2685 terrae
1156 2638 1217 2685 ad
1249 2637 1298 2686 S.
1318 2637 1640 2700 Michaelem,
1670 2638 1829 2686 casale
1859 2639 2161 2686 Bethamam
2183 2654 2343 2703 prope

165 2707 493 2771 Ascalonem,
535 2708 671 2773 juxta
701 2711 833 2758 viam
869 2711 918 2760 S.
952 2711 1215 2760 Michaelis
1244 2712 1289 2761 V
1319 2725 1599 2760 carrucatas
1628 2725 1802 2776 terrae,
1834 2712 2055 2776 vineam,
2087 2729 2219 2777 quae
2251 2711 2344 2760 fuit

165 2781 590 2847 GuilelmiRuffi,
621 2784 932 2833 vicecomitis
956 2786 1322 2849 Ascalonitani,
1354 2786 1647 2849 contiguam
1679 2785 1880 2849 jardino
1898 2787 2180 2850 Bethleem,
2201 2787 2343 2852 quod

165 2868 239 2905 est
280 2870 416 2907 extra
457 2871 659 2924 portam
699 2859 968 2908 Ascalonis
1009 2860 1071 2908 ad
1113 2859 1386 2923 sinistram,
1433 2860 1612 2909 casalia
1651 2861 1922 2910 Zachariae
1965 2875 2011 2910 et
2051 2862 2101 2910 S.
2133 2860 2343 2924 Georgii

164 2946 285 2981 cum
327 2931 662 2998 pertinentiis,
696 2950 827 2998 quae
868 2934 1079 2984 donavit
1110 2934 1410 2984 Gonfredus
1451 2936 1511 2983 de
1540 2935 1726 2999 Turre,
1768 2952 1887 2985 cum
1918 2936 2083 2984 feudis
2114 2953 2172 2984 ex
2202 2937 2344 2984 dono

164 3005 423 3070 HugoniS,
467 3007 666 3056 domini
710 3010 771 3057 de
813 3008 862 3057 S.
893 3009 1169 3071 Abraham,
1212 3010 1371 3058 casale
1401 3010 1709 3074 Beth-aleam,
1747 3010 1932 3060 domos
1963 3011 2342 3076 Neapolitanas,

164 3079 383 3129 domum
410 3081 701 3147 Tyrensem
746 3098 907 3148 prope
953 3083 1210 3132 castellum
1258 3084 1420 3146 sitam,
1468 3084 1517 3132 in
1563 3084 1754 3133 diocesi
1800 3085 2123 3134 Antiochena
2169 3085 2344 3133 casalia

166 3154 411 3219 Carcasia,
438 3156 696 3219 Baldadia,
729 3158 980 3219 Gabamo,
1021 3158 1194 3205 vineas
1231 3158 1292 3206 de
1323 3157 1597 3223 Norsinge,
1636 3159 1941 3208 Antiochiae
1971 3159 2036 3209 VI
2077 3161 2262 3208 domos
2294 3159 2343 3206 in

163 3227 276 3278 vico
307 3228 566 3279 Panticelli
595 3230 648 3279 in
677 3231 916 3296 parochia
964 3231 1012 3280 S.
1044 3232 1297 3294 Thomae,
1329 3232 1547 3282 domum
1584 3233 1823 3282 ecclesiae
1864 3234 1913 3282 S.
1945 3234 2075 3282 Petri
2105 3234 2341 3287 vicinam,

165 3302 401 3366 domum,
431 3302 520 3353 ubi
548 3304 679 3354 fiunt
709 3305 758 3369 (Ρ)
789 3305 1062 3368 calamitae,
1094 3306 1152 3354 ΙΙΙ
1184 3306 1339 3371 petias
1370 3305 1689 3369 jardinorum
1722 3308 1774 3356 in
1804 3308 2042 3374 parochia
2073 3308 2122 3357 S.
2153 3308 2341 3359 Jacobi.

166 3376 388 3426 decimas
430 3377 666 3427 laborum
701 3396 936 3440 suorum,
974 3396 1106 3444 quos
1144 3380 1364 3446 propriis
1405 3382 1645 3431 manibus
1685 3395 1772 3431 aut
1815 3382 2109 3448 sumptibus
2149 3382 2342 3438 colunt,

165 3452 624 3502 commutationem
669 3453 798 3503 inter
839 3455 1103 3503 ecclesiam
1148 3455 1552 3504 Bethlemiticam
1596 3470 1641 3505 et
1682 3458 1998 3505 Nazarenam
2033 3458 2094 3506 de
2136 3456 2344 3505 ccclesia

164 3526 455 3576 Acconensi
484 3527 851 3577 rationabiliter
882 3529 1062 3577 factam
1092 3528 1382 3592 (Mittarelli,
1414 3530 1601 3579 Aunal,
1633 3531 2028 3593 Ca1naldul.Vl,
2059 3547 2174 3597 app.
2206 3547 2339 3594 ‚tom

166 3599 358 3664 Bullae,
400 3600 589 3665 quibus
630 3603 805 3651 eccles.
850 3603 1012 3652 Bethl.
1057 3604 1407 3668 possessiones
1448 3604 1822 3653 confirmantur
1865 3604 2120 3668 [Gencvae
2174 3603 2341 3666 18801.

168 3674 197 3722 8
227 3689 332 3740 pp.,
362 3672 452 3739 4⁰;
485 3675 670 3725 Comte
700 3677 851 3726 Riant
886 3678 937 3726 iu
958 3677 1059 3726 Atti
1090 3678 1138 3726 d.
1161 3677 1274 3727 Soc.
1297 3678 1501 3743 Ligure,
1533 3680 1570 3728 ΙΙ
1602 3680 1726 3743 Ser„
1757 3680 1907 3742 XVII,
1941 3696 1987 3745 p.
2011 3681 2340 3743 (qo—650,

288 3812 324 3865 8)
359 3811 574 3866 Quercus
599 3812 842 3856 Abraham
876 3813 1129 3869 (llcbron),
1166 3822 1215 3856 ut
1250 3813 1347 3857 vult
1371 3814 1567 3858 Condcr
1601 3814 1646 3858 in
1684 3816 1847 3868 Quart.
1884 3815 2001 3857 Stat.
2049 3816 2167 3872 1800,
2206 3829 2247 3871 p.
2277 3830 2342 3873 354.

168 3871 206 3924 ⁴)
240 3869 425 3914 Arccha
448 3868 494 3913 in
517 3870 683 3915 Marini
706 3871 873 3916 Sanuti
898 3871 1233 3930 descriptione,
1257 3887 1383 3918 nunc
1407 3873 1511 3917 ‘Ain
1535 3873 1646 3918 Arik
1672 3875 1876 3932 (Survey
1902 3874 1974 3928 lll,
1999 3889 2040 3931 p.
2060 3886 2112 3930 73
2148 3874 2342 3918 (londes

168 3927 214 3972 in
238 3930 403 3985 Quart.
429 3929 545 3973 Stat.
579 3929 700 3989 1890,
724 3946 767 3989 p.
795 3934 882 3990 34).

1994 4023 2068 4081 17*
