2684 4244
993 153 1126 214 regni
1150 153 1584 214 Hierosolymitani.
2341 176 2364 227 3

268 337 445 402 (1099
485 356 525 388 c.
570 340 714 388 Mart.
768 338 864 402 15).
933 339 1089 404 Apud
1139 339 1379 387 Archam.
1442 367 1501 372 —
1561 339 1908 404 Raymundus
1952 339 2013 387 de
2059 339 2108 388 S.
2151 340 2371 404 Aegidio

194 412 558 463 Godofredum
596 414 780 462 ducem
817 426 863 461 et
893 412 1178 461 Robertum
1210 413 1270 460 de
1301 412 1537 460 Flandria
1568 413 1832 462 Gabulum
1875 413 2170 462 obsidentes
2210 427 2372 478 rogat,

195 499 249 536 ut
276 486 371 552 ipsi
401 487 591 536 auxilio
622 487 829 536 veniant
857 485 1121 548 (Archives
1151 487 1185 550 Ι,
1217 503 1265 552 p.
1308 504 1420 550 191,
1453 487 1551 535 No.
1595 487 1728 551 124).
2302 486 2371 535 19

268 581 285 646 (
363 619 395 644 ‚,
474 600 514 632 c.
546 583 706 648 April.
751 582 841 645 10).
895 583 1052 648 Apud
1102 582 1339 630 Archam.
1385 610 1456 615 —
1500 582 1760 647 Principes
1790 582 2038 632 exercitus
2066 583 2372 633 Latinorum

195 656 376 706 Alexio
406 657 698 723 imperatori
739 657 1040 720 rescribunt,
1078 673 1146 719 se,
1189 672 1357 720 quum
1397 656 1502 721 ipse
1533 668 1738 721 pactum
1770 673 1878 705 non
1907 656 2122 705 fideliter
2149 658 2373 718 servarit,

193 730 524 780 Antiochiam
554 731 722 780 eidem
751 731 963 779 reddere
995 730 1209 779 minime
1238 730 1365 778 velle
1396 730 1660 792 (Archives
1689 730 1722 793 Ι,
1755 747 1802 796 p.
1835 747 1948 794 192,
1981 732 2080 781 No.
2112 731 2247 796 125).
2297 730 2373 780 20

267 827 285 890 (
362 864 393 888 „
474 828 668 893 April.).
698 827 1089 892 Hierosolymis.
1122 855 1189 860 -
1219 827 1374 875 Malik
1403 827 1474 874 al-
1505 826 1670 889 Afdal,
1701 827 1898 876 vezirus
1927 827 2166 893 Aegypti,
2198 844 2372 877 cruce-

194 900 402 965 signatis
444 902 656 951 nuntios
696 902 931 968 ipsorum
971 917 1091 950 cum
1134 901 1325 949 exeniis
1365 900 1571 949 remittit
1612 913 1659 949 et
1688 900 1955 966 pacificum
2000 901 2291 966 ingressum
2322 902 2373 950 in

194 976 374 1025 urbem
405 976 895 1042 Hierosolymorum
925 975 1172 1041 promittit
1200 975 1467 1038 (Archives
1496 975 1530 1038 I,
1563 991 1610 1040 p.
1653 992 1765 1039 193,
1797 976 1895 1024 No,
1937 974 2070 1038 127).
2296 974 2366 1023 21

268 1072 286 1135 <
364 1109 395 1133 ,,
475 1071 594 1136 Maj.
619 1072 719 1135 28).
750 1076 945 1121 Accon.
981 1100 1043 1105 -—
1066 1071 1384 1120 Ammiratus
1413 1071 1730 1120 Acconensis
1758 1071 2026 1120 ammirato
2056 1072 2373 1121 Caesariensi

195 1146 476 1195 adventurn
506 1147 979 1212 crucesignatorum
1014 1146 1215 1194 nuntiat
1244 1145 1508 1208 (Archives
1539 1145 1571 1209 I,
1604 1162 1651 1211 p.
1694 1162 1807 1210 195,
1838 1146 1939 1194 No.
1980 1145 2112 1210 130).
2296 1145 2373 1194 22

268 1243 285 1306 (
364 1279 395 1304 ‚‚
474 1243 570 1292 Jul.
614 1242 845 1303 ineunt.).
902 1242 1295 1308 Hierosolymis,
1350 1270 1421 1275 —
1473 1241 1712 1307 Aegyptii
1756 1259 1783 1290 a
1826 1241 2111 1291 christianis
2152 1242 2205 1290 in
2248 1244 2372 1291 urbe

194 1317 387 1367 obsessi
431 1317 644 1366 nuntios
686 1316 936 1365 auxilium
982 1316 1229 1381 petituros
1274 1316 1529 1378 emittunt,
1575 1316 1665 1381 qui
1702 1333 1727 1364 a
1768 1316 2055 1364 christianis
2099 1316 2374 1382 capiuntur

194 1391 458 1453 (Archives
487 1392 521 1455 I,
553 1408 601 1457 p.
642 1392 944 1455 196-197,
977 1391 1075 1439 No.
1117 1390 1435 1456 131—135).
2296 1390 2373 1439 23

268 1488 286 1552 (
362 1525 394 1550 ,‚
472 1488 568 1537 Jul.
601 1486 837 1550 ineunt.).
883 1487 1146 1552 Aleppiae.
1176 1514 1248 1521 —
1278 1488 1306 1517 '³‘
1323 1487 1508 1548 Floria,
1538 1503 1687 1536 soror
1715 1487 2035 1551 Corbaranti,
2067 1487 2373 1537 Godofredo

194 1563 314 1612 duci
342 1563 615 1629 Aleppiam
646 1562 1004 1627 occupandam
1034 1560 1183 1611 offert
1212 1558 1480 1627 (Archives
1510 1561 1543 1625 Ι,
1574 1578 1623 1627 p.
1665 1578 1779 1625 197,
1811 1562 1911 1610 No.
1952 1561 2087 1626 136).
2297 1560 2375 1609 24

269 1658 287 1722 (
365 1696 395 1720 „
473 1658 571 1708 Jul.
602 1659 843 1720 exeunt.).
881 1658 1273 1724 Hierosolymis,
1305 1687 1374 1692 —
1416 1658 1794 1708 ²³‘Godofredus
1824 1658 1927 1707 dux
1956 1659 2308 1708 ssohemundo
2337 1659 2371 1722 Ι,

194 1732 415 1799 principi
459 1732 780 1797 Antiochiae,
821 1733 1040 1792 nuntiat,
1079 1732 1381 1781 christianos
1429 1733 1568 1783 Urbe
1625 1732 1806 1781 Sancta
1860 1732 2133 1781 fortissime
2187 1733 2373 1798 potitos

196 1807 366 1873 ipsum
397 1823 571 1871 regem
602 1806 814 1872 elegisse
845 1806 1108 1868 (Archives
1138 1807 1171 1870 Ι,
1202 1824 1251 1873 p.
1294 1808 1593 1871 197-198,
1625 1807 1724 1856 No,
1767 1806 1898 1871 137).
2296 1805 2373 1854 25

268 1902 286 1966 (
363 1941 394 1965 ,,
474 1907 608 1968 Aug.
654 1898 893 1969 ineunt.).
963 1904 1357 1970 Hierosolymis.
1422 1932 1494 1937 -—
1550 1902 1883 1953 Godofredus
1927 1903 2032 1952 dux
2077 1904 2371 1967 Manassae,

194 1977 583 2044 archiepiscopo
613 1978 874 2038 Remensi,
922 1978 1122 2026 nuntiat
1161 1978 1462 2027 electionem
1508 1994 1656 2027 suam
1700 1993 1929 2042 eumque
1973 1991 2133 2043 rogat,
2180 1991 2235 2027 ut
2277 1995 2373 2044 pro

193 2068 433 2120 successu
449 2052 849 2101 christianorum
865 2065 973 2101 oret
991 2065 1038 2101 et
1056 2053 1435 2117 crucesignatos
1453 2052 1764 2101 retardantes
1783 2052 1845 2100 ad
1862 2052 1953 2101 iter
1970 2052 2373 2102 transmarinum

194 2127 584 2176 accelerandum
613 2126 840 2193 impellat
870 2126 1134 2188 (Archives
1163 2127 1196 2188 Ι,
1229 2143 1277 2193 p.
1319 2129 1433 2191 198,
1464 2128 1564 2176 No.
1606 2127 1737 2191 138).
1764 2121 1779 2194 Η
1808 2127 1863 2175 111
1893 2126 2122 2175 eundem
2152 2128 2372 2176 modum

121 2228 123 2230 ·
194 2201 381 2251 eodem
409 2217 586 2250 mense
615 2214 663 2249 et
690 2217 830 2250 anno
861 2201 1029 2250 eidem
1059 2201 1229 2249 scribit
1255 2202 1525 2266 Arnulfus,
1557 2201 1838 2267 patriarcha
1866 2201 2373 2267 Hierosolymitanus

195 2275 338 2339 (ibid.
369 2275 403 2339 Ι,
449 2292 498 2342 p.
540 2277 862 2341 198—199,
910 2276 1008 2325 No.
1062 2274 1194 2340 139).
1273 2277 1472 2326 Harum
1515 2275 1849 2341 epistolarum
1895 2275 2214 2324 mentionem
2260 2276 2374 2325 facit

195 2350 450 2400 Paschalis
479 2350 517 2399 ΙΙ
564 2351 704 2412 (Dec.
747 2350 898 2413 1099)
938 2350 1149 2415 epistola
1194 2350 1257 2398 ad
1296 2350 1728 2416 archiepiscopos,
1771 2350 2043 2416 episcopos
2083 2363 2130 2398 et
2169 2351 2373 2399 abbates

195 2424 436 2549 grancigte
475 2425 664 2562 )scripta
704 2423 967 2486 (Archives
1008 2424 1042 2487 Ι,
1085 2441 1134 2490 p.
1181 2427 1486 2490 205—206,
1541 2425 1642 2473 No.
1697 2425 1821 2489 1463
1874 2423 2375 2546 Ιᾶῆέ-ῂόκνεῃῑεὲεέ

247 2515 296 2549 0.
332 2516 355 2564 5
411 2515 468 2548 12
494 2538 504 2548 .

270 2594 287 2659 (
365 2632 396 2658 „
475 2599 610 2660 Aug.
631 2595 865 2658 ineunt.).
896 2594 1289 2661 Hierosolymis.
1308 2622 1377 2628 —
1398 2594 1775 2644 *Godofredus
1803 2594 1907 2643 dux
1927 2594 2099 2660 plures
2118 2594 2376 2661 principes

197 2670 594 2720 christianorum
624 2670 676 2719 in
695 2669 1033 2718 Occidentem
1063 2685 1358 2718 reversuros
1388 2682 1581 2732 monet,
1614 2682 1669 2718 ut
1696 2668 1790 2717 sibi
1821 2682 1996 2718 contra
2016 2674 2374 2736 Aegyptorum

196 2744 475 2795 exercitum
503 2744 695 2794 auxilio
724 2744 931 2793 veniant
960 2744 1223 2806 (Archives
1252 2743 1287 2807 Ι,
1316 2760 1364 2809 p.
1398 2760 1697 2808 roo—200,
1728 2744 1826 2792 No.
1859 2744 1990 2809 141).
2299 2742 2373 2791 27

271 2839 288 2904 (
367 2879 396 2903 ,,
477 2845 611 2906 Aug.
657 2841 900 2904 exeunt.).
970 2841 1025 2889 In
1070 2840 1241 2889 castris
1286 2840 1571 2889 Ascalonis.
1628 2868 1700 2875 ——
1753 2840 2103 2890 *Tancredus
2148 2841 2376 2906 Rogerio

196 2916 388 2965 Bursae
416 2915 681 2966 victoriam
711 2933 738 2964 a
766 2915 1052 2964 christianis
1080 2915 1219 2981 apud
1250 2915 1558 2964 Ascalonem
1588 2928 1892 2981 reportatam
1937 2915 2139 2964 nuntiat
2177 2916 2375 2976 (Archi-

197 3006 282 3039 ves
311 2988 346 3054 Ι,
375 3006 425 3056 p.
459 3006 580 3054 2oo,
612 2991 712 3039 No.
754 2989 889 3055 143).
2300 2988 2377 3037 28

273 3086 290 3149 (
366 3122 398 3149 ,‚
477 3086 654 3152 Sept).
710 3086 1010 3135 Laodiceae.
1069 3112 1135 3117 -—
1190 3086 1538 3150 Daimbertus,
1591 3085 2009 3151 archiepiscopus
2064 3086 2277 3134 Pisanus
2331 3099 2377 3134 et

199 3159 345 3210 Sedis
373 3160 700 3226 Apostolicae
738 3161 952 3224 legatus,
994 3159 1223 3225 episcopi
1263 3160 1405 3208 latini
1434 3161 1624 3209 Terrae
1667 3160 1895 3223 Sanctae,
1938 3159 2274 3210 Godofredus
2314 3161 2375 3209 de

198 3234 463 3300 Bulliono,
504 3247 760 3301 protector
800 3234 849 3283 S.
882 3233 1169 3299 Sepulchri,
1210 3246 1258 3283 et
1286 3234 1632 3300 Raymundus
1662 3235 1724 3283 de
1763 3234 1812 3283 S.
1844 3234 2065 3298 Aegidio
2096 3235 2309 3283 Urbano
2338 3235 2376 3283 Il

199 3308 455 3373 nuntiant,
475 3325 607 3375 quae
636 3309 732 3375 ipsi
762 3308 966 3371 Nicaea,
988 3308 1263 3357 Antiochia
1282 3308 1723 3374 etHierosolymis
1746 3308 1903 3374 captis
1933 3325 2098 3373 usque
2129 3309 2188 3357 ad
2219 3309 2377 3358 victo—

199 3381 325 3431 riam
345 3383 759 3434 Ascalonitanam
791 3383 844 3431 in
874 3382 1018 3448 Syria
1047 3395 1094 3431 et
1121 3382 1280 3431 Terra
1311 3383 1492 3432 Sancta
1522 3383 1721 3446 egregie
1750 3396 2021 3448 gesserunt
2046 3383 2313 3446 (Archives
2343 3383 2376 3439 Ι,

199 3472 248 3523 p.
282 3473 588 3523 201—204,
631 3458 730 3507 No.
777 3456 912 3522 144).
943 3452 956 3524 ll
985 3456 1121 3505 Huic
1150 3457 1391 3523 epistolae
1422 3457 1675 3506 Paschalis
1703 3474 1737 3522 4
1768 3456 1886 3518 Mai.
1928 3475 1941 3506 1
1967 3474 2061 3506 100
2102 3458 2378 3523 respondet

199 3532 460 3595 gratulans
511 3533 573 3581 de
625 3532 847 3581 victoriis
899 3530 1164 3597 reportatis
1208 3544 1254 3580 et
1304 3532 1636 3581 commendat
1681 3531 1981 3581 Mauritium
2002 3571 2013 3593 ,
2074 3532 2377 3597 episcopum

201 3604 556 3670 Portuensem,
586 3606 669 3656 cui
699 3606 832 3655 vices
861 3623 980 3654 suas
1008 3605 1258 3669 gerendas
1287 3605 1613 3655 commiserat
1643 3606 1906 3667 (Archives
1934 3605 1969 3668 Ι,
2001 3622 2048 3672 p.
2070 3623 2094 3654 2
2116 3624 2126 3655 1
2152 3623 2281 3655 1—2
2301 3623 2376 3662 12,

202 3679 300 3729 No.
342 3697 466 3745 154;
495 3680 969 3743 Jaffe-Lowenfeld,
1003 3679 1102 3728 No.
1140 3681 1315 3745 5835).
2303 3679 2379 3727 29

276 3783 294 3846 (
373 3821 403 3845 „
482 3801 521 3833 c.
554 3784 686 3833 Nov.
729 3783 788 3846 1).
836 3784 890 3832 111
921 3783 1089 3832 insula
1118 3783 1308 3832 Rhodi.
1339 3811 1410 3818 —
1440 3784 1697 3833 Henricus
1726 3783 2073 3847 Contarcnus,
2105 3784 2379 3850 episcopus

202 3856 265 3906 de
305 3856 563 3921 Torcello,
606 3871 653 3907 et
685 3859 946 3907 Johannes
989 3857 1278 3920 Michaelis,
1322 3858 1554 3907 admirati
1604 3858 1775 3907 classis
1816 3857 2154 3921 Venetorum,
2198 3858 2378 3907 Godo-

203 3930 348 3980 fredo
392 3932 455 3981 de
498 3932 763 3996 Bulliono,
815 3932 1131 3998 Raymundo
1175 3932 1237 3980 de
1283 3931 1331 3981 S.
1364 3932 1601 3997 Aegidio,
1648 3932 2046 3981 ssohemundol
2089 3932 2303 3998 principi
2335 3947 2379 3980 ct

2031 4031 2077 4074 Ι*
