2684 4244
990 160 1120 218 regni
1144 154 1577 219 Hierosolymitani.
2271 181 2281 215 1
2308 183 2319 215 1
2341 181 2362 230 5

275 340 422 389 1168
451 343 597 392 Febr.
630 362 704 408 15.
736 343 1032 392 Beneventi.
1065 372 1132 376 —
1163 343 1302 391 Idem
1337 343 1483 391 Petro
1513 344 1567 406 II,
1600 344 1649 393 S.
1672 343 1943 409 Sepulchri
1972 342 2147 409 priori,
2178 341 2365 405 scribit,

192 431 243 464 se
272 416 583 481 patriarchae
603 417 862 466 Amalrico
893 416 1230 481 mandavisse,
1262 433 1325 465 ne
1355 417 1516 466 invito
1545 418 1703 483 priori
1734 418 2012 467 canonicos
2032 417 2193 465 facere
2222 433 2367 481 prae-

191 502 360 539 sumat
389 489 638 554 (Roziere,
669 508 717 557 p.
744 493 1048 556 283—284,
1078 492 1177 540 No.
1208 506 1331 554 157;
1374 490 1847 555 Jafl'e—Lowenfeld,
1877 493 1976 540 No.
2005 509 2017 540 1
2042 509 2054 540 1
2085 490 2220 556 381).
2252 488 2361 536 441

328 622 357 647 ,,
437 586 584 636 Febr.
625 604 701 651 15.
736 588 1032 637 Beneventi.
1062 616 1134 621 ——
1163 588 1302 637 Idem
1333 587 1499 636 eidem
1529 587 1716 651 scribit,
1746 604 1798 636 se
1829 586 2061 647 ejusdem
2091 586 2367 635 confratres

191 659 244 709 P.
265 671 314 708 et
342 660 405 709 G.
428 661 651 724 benigne
682 662 934 727 accepisse
964 675 1010 710 et
1039 678 1223 711 eorum
1252 662 1490 727 precibus
1520 674 1845 712 commotum
1866 660 2128 709 Amalrico
2158 661 2367 726 patriar—

191 733 314 783 chae
343 735 682 799 mandavisse,
714 748 770 784 ut
799 737 859 784 ab
889 736 948 784 iis
978 736 1188 785 nonnisi
1208 736 1407 784 tertiam
1428 748 1622 801 partem
1644 752 1831 799 cereae,
1851 751 1981 800 quae
2012 736 2073 783 ad
2105 734 2368 783 ecclesiam

190 823 374 857 eorum
404 808 700 873 deferretur,
730 810 1027 874 requireret,
1071 822 1127 859 ut
1155 810 1194 858 si
1223 809 1449 875 aliquam
1479 810 1731 859 civitatem
1773 809 2007 858 intrasset
2035 822 2082 857 et
2110 809 2163 857 in
2193 810 2367 857 eundo

190 893 238 931 et
264 881 534 931 redeundo
563 884 623 931 ab
666 883 991 949 expeditione
1036 884 1227 933 ibidem
1266 900 1466 932 moram
1509 884 1720 948 fecisset,
1763 884 2024 932 universas
2065 882 2366 945 oblationes,

190 971 322 1020 quae
341 956 403 1004 ad
422 956 641 1005 eandem
669 970 784 1023 post
804 959 1097 1007 secundum
1116 958 1251 1007 diem
1273 958 1596 1022 offerrentur,
1617 958 1676 1007 iis
1695 958 1998 1007 concederet
2016 973 2143 1005 neve
2162 969 2365 1019 vetaret,

189 1042 276 1079 aut
303 1046 519 1095 corpora
547 1031 915 1081 defunctorum
934 1045 1049 1081 ante
1069 1033 1240 1081 altaria
1259 1049 1440 1082 eorum
1463 1032 1645 1081 deferri
1665 1044 1752 1081 aut
1772 1048 1946 1080 cruces
1965 1031 2017 1079 in
2038 1031 2119 1079 die
2138 1047 2368 1096 parasce—

187 1120 279 1153 vae
309 1120 484 1154 coram
514 1104 709 1154 eisdem
736 1106 896 1155 teneri
926 1119 974 1155 et
1004 1107 1177 1155 fratres
1206 1107 1488 1173 Hospitalis
1517 1106 1812 1156 admonitos
1840 1105 2059 1169 nuntiat,
2090 1121 2171 1168 ne,
2203 1121 2368 1170 quum

188 1177 415 1244 aliquam
443 1191 620 1228 contra
649 1195 736 1228 eos
756 1180 1019 1244 querelam
1049 1181 1342 1241 habuerint,
1371 1181 1593 1229 decimas
1622 1181 1681 1229 iis
1710 1180 2008 1229 subtrahere
2038 1191 2370 1244 praesumant

189 1251 439 1316 (Roziere,
468 1269 518 1319 p.
552 1255 859 1319 284—285,
892 1255 991 1304 No.
1033 1256 1157 1319 1583
1200 1255 1676 1317 Jaffe-Lowenfeld,
1706 1255 1807 1303 No,
1850 1271 1899 1302 11
1928 1254 2065 1318 382).
2253 1250 2368 1300 442

323 1386 354 1411 ,‚
433 1349 581 1399 Febr.
610 1350 907 1399 Beneventi.
927 1378 999 1384 ——
1027 1350 1317 1400 Alexander
1346 1352 1406 1400 III
1436 1350 1748 1413 (Amalrico),
1779 1349 2091 1415 patriarchae
2120 1349 2368 1398 Hieroso-

186 1423 454 1490 lymitano,
483 1422 753 1487 interdicit,
785 1441 849 1473 ne
879 1426 1097 1489 abbates,
1138 1426 1411 1475 abbatissas
1451 1426 1531 1474 vel
1559 1425 1679 1474 alias
1720 1439 1966 1490 personas
2006 1422 2368 1472 ecclesiasticas

186 1497 296 1547 sine
326 1514 537 1548 assensu
566 1511 613 1547 et
642 1498 862 1548 consilio
892 1499 1074 1564 prioris
1104 1512 1151 1548 et
1179 1500 1553 1549 canonicorum
1594 1500 1643 1549 S.
1676 1497 1947 1564 Sepulchri
1989 1498 2252 1546 instituere
2290 1498 2369 1546 vel

187 1572 460 1622 destituere
489 1585 781 1640 praesumat
810 1573 1104 1638 (Augustini
1123 1574 1267 1623 Tarr.
1289 1574 1425 1640 Opp.
1448 1574 1531 1639 IV,
1562 1591 1611 1640 p.
1639 1588 1764 1638 1573
1798 1571 1966 1621 Mansi
1986 1572 2139 1635 XXII,
2161 1589 2208 1637 p.
2230 1588 2365 1637 4333

188 1647 386 1696 Decret.
417 1647 633 1712 Gregor.
664 1647 751 1696 lib.
782 1647 860 1711 III,
891 1661 1016 1697 tom.
1058 1665 1131 1712 10,
1161 1665 1200 1697 e.
1232 1665 1292 1713 43
1336 1647 1819 1711 Jaffe—Lovvenfeld,
1850 1648 1949 1696 No.
1992 1664 2004 1695 1
2029 1664 2042 1694 1
2072 1646 2208 1711 384).
2253 1644 2368 1692 443

324 1786 354 1812 „
433 1750 582 1800 Mart.
617 1767 663 1800 2.
690 1750 987 1800 Beneventi.
1007 1780 1076 1785 ——
1097 1731 1516 1800 Idem⁰canonicis
1536 1751 1585 1800 S.
1604 1749 1873 1816 Sepulchri
1893 1766 1982 1815 per
1999 1765 2216 1798 manum
2236 1749 2369 1798 Petri

187 1823 372 1890 prioris
386 1824 649 1890 privilegia
663 1841 817 1891 supra
835 1825 949 1887 (No.
970 1843 997 1879 7
1011 1843 1054 1890 5,
1078 1842 1192 1890 142,
1208 1844 1220 1874 1
1237 1827 1321 1889 80,
1338 1841 1459 1890 332,
1477 1842 1500 1891 3
1516 1826 1597 1890 56,
1615 1826 1736 1890 368,
1753 1841 1874 1889 370,
1895 1841 2015 1888 377,
2032 1823 2370 1888 409)laudata

187 1897 459 1948 confirmat
481 1911 529 1948 et
545 1899 807 1965 deperdita
825 1912 1288 1963 memorat,terram
1308 1900 1497 1948 scilicet
1514 1900 1776 1965 quandam
1796 1899 2368 1964 Neapolitanam,quam

186 1972 478 2023 Amalricus
506 1974 524 2022 I
552 1990 638 2023 rex
666 1974 720 2023 in
750 1990 889 2023 novo
919 1976 1084 2039 burgo
1113 1974 1338 2037 donavit,
1380 1987 1429 2023 et
1458 1974 1725 2023 ecclesiam
1761 1972 2095 2022 concessione
2125 1972 2368 2021 Amalrici

187 2047 498 2114 patriarchae
536 2048 730 2098 ibidem
769 2048 1101 2113 aedificatam,
1141 2049 1407 2097 ecclesiam
1436 2061 1483 2098 et
1511 2049 1735 2097 decimas
1763 2059 1923 2096 terrae
1953 2049 2014 2096 ab
2045 2047 2292 2111 Rotgerio
2322 2060 2369 2095 et

186 2122 423 2172 Johanne
466 2121 715 2172 militibus
758 2140 814 2172 ac
858 2123 1094 2172 fratribus
1134 2124 1369 2187 donatae,
1414 2138 1570 2188 quam
1611 2122 1909 2185 Ern(esius),
1951 2121 2368 2187 archiepiscopus

187 2197 549 2261 Caesariensis,
563 2198 830 2262 concessit,
851 2198 889 2246 ΙΙ
909 2210 1189 2247 carrucatas
1208 2210 1384 2262 terrae,
1398 2214 1526 2262 quas
1546 2196 1685 2246 dedit
1699 2195 1942 2247 Giraldus
1962 2196 2024 2245 de
2044 2196 2249 2245 Cunin.
2275 2235 2283 2244 .
2308 2235 2316 2244 .
2341 2235 2367 2259 .,

188 2271 408 2321 domum
439 2284 487 2321 et
513 2284 669 2321 terras
699 2272 752 2321 in
772 2272 993 2322 Calcalia
1011 2273 1144 2335 sitas,
1165 2289 1292 2337 quas
1312 2272 1419 2321 Fed
1440 2311 1449 2321 .
1473 2312 1482 2321 .
1505 2311 1514 2321 .
1538 2311 1568 2337 .,
1600 2271 1749 2320 frater
1778 2270 1826 2320 S.
1849 2270 2137 2336 Sepulchri,
2160 2270 2369 2319 donavit

189 2358 238 2395 et
265 2345 709 2411 Bartholomaeus,
739 2347 884 2396 villae
914 2347 1178 2411 dominus,
1200 2360 1511 2396 carrucatam
1538 2347 1733 2395 addens
1761 2344 2099 2408 confirmavit,
2131 2346 2366 2408 domum,

189 2436 344 2486 quam
386 2420 803 2487 archiepiscopus
843 2422 1090 2488 Tyrensis
1130 2421 1374 2470 vendidit.
1444 2420 1646 2469 Deinde
1687 2419 1978 2469 Alexander
2018 2418 2271 2483 concedit,
2312 2432 2367 2467 ut

189 2493 309 2544 dicti
349 2495 585 2545 canonici
624 2496 868 2545 stationes
906 2495 1117 2562 Templi
1156 2495 1386 2559 Domini,
1431 2494 1625 2544 Montis
1666 2494 1869 2557 Oliveti,
1916 2494 2109 2543 Montis
2150 2493 2293 2559 Syon
2323 2506 2369 2541 et

188 2568 331 2618 vallis
347 2570 590 2637 Josaphat
617 2570 670 2619 in
699 2570 1051 2620 festivitatibus
1079 2569 1276 2619 visitare
1297 2570 1330 2633 1)
1360 2582 1423 2632 et,
1454 2571 1660 2618 absente
1688 2568 1986 2635 patriarcha,
2017 2584 2200 2617 eorum
2229 2568 2370 2633 prior

189 2643 398 2693 missam
427 2644 480 2694 in
510 2644 580 2694 eis
609 2645 861 2694 celebrare
903 2645 1078 2711 possit,
1121 2656 1178 2694 ut
1206 2644 1557 2693 malefactores
1597 2661 1720 2693 suos
1748 2656 1795 2692 et
1822 2642 2104 2709 specialiter
2147 2642 2368 2691 decimas

188 2718 478 2768 auferentes
505 2718 865 2785 parrochiales,
895 2719 1175 2785 patriarcha
1203 2720 1427 2782 absente,
1448 2718 1702 2767 interdicti
1720 2718 1799 2766 vel
1818 2716 2369 2766 excommunicationis

188 2793 439 2843 sententia
457 2795 805 2844 condemnare
824 2795 1038 2858 valeant,
1069 2810 1124 2842 ac
1152 2793 1340 2857 statuit,
1371 2810 1436 2842 ne
1465 2792 1774 2859 patriarchae
1802 2793 1905 2841 sive
1937 2792 2093 2857 priori
2112 2808 2191 2840 res
2209 2790 2368 2840 eccle—

190 2867 292 2917 siae
321 2867 419 2917 nisi
447 2869 509 2918 de
538 2869 809 2918 communi
837 2869 917 2917 vel
952 2868 1168 2917 sanioris
1208 2868 1360 2934 partis
1402 2867 1772 2917 canonicorum
1816 2866 2033 2916 consilio
2073 2866 2366 2929 distrahere,

188 2941 410 2991 alienare
438 2943 518 2992 vel
546 2942 895 3009 impignorare
935 2943 1096 3007 liceat,
1137 2942 1247 2991 sine
1288 2959 1499 2991 assensu
1531 2941 1610 2990 vel
1639 2940 1855 2991 consilio
1894 2940 2101 3007 capituli
2141 2940 2367 3005 aliquem

188 3016 499 3066 canonicum
527 3018 590 3067 ad
619 3017 847 3083 aliquam
876 3016 1225 3067 obedientiam
1254 3016 1598 3065 cismarimam
1617 3015 1850 3080 dirigere,
1878 3017 1938 3064 ab
1959 3015 2131 3064 officio
2150 3031 2368 3081 suspen-

190 3091 309 3140 dere
337 3091 417 3141 vel
444 3108 471 3140 a
500 3092 875 3142 canonicorum
904 3091 1165 3140 consortio
1195 3107 1459 3140 removere
1489 3091 1586 3139 nisi
1616 3091 1765 3156 culpa
1794 3090 2076 3151 manifesta,
2097 3106 2224 3138 neve
2244 3106 2368 3138 con—

191 3164 442 3231 fratribuS,
484 3165 582 3215 nisi
622 3166 1080 3216 excommunicatis
1120 3166 1198 3214 vel
1232 3164 1528 3229 interdictis,
1570 3181 1758 3231 corpus
1787 3164 2001 3213 Domini
2031 3178 2078 3213 et
2106 3165 2368 3230 sepultura

190 3251 422 3305 negetur,
454 3256 518 3289 ne
548 3240 675 3306 quid
705 3242 766 3290 de
796 3242 949 3290 rebus
991 3241 1040 3289 S.
1073 3239 1345 3305 Sepulchri
1378 3239 1659 3305 patriarcha
1687 3257 1713 3288 a
1742 3239 2107 3288 concanonicis
2134 3238 2213 3287 vel
2244 3255 2367 3287 con-

191 3313 427 3364 fratribus
467 3331 557 3381 per
596 3315 944 3364 obedientiam
984 3314 1247 3379 illegitime
1288 3313 1504 3379 exigere,
1546 3330 1674 3363 neve
1714 3313 1852 3363 ullus
1893 3314 1954 3362 de
1993 3313 2263 3362 novalibus
2291 3313 2367 3360 vel

190 3388 518 3438 nutrimentis
546 3389 848 3438 animalium
879 3389 927 3438 S.
960 3387 1231 3454 Sepulchri
1260 3389 1482 3437 decimas
1510 3405 1783 3454 exposcere
1813 3388 2008 3450 audeat,
2044 3404 2106 3435 ne
2138 3401 2251 3452 post
2282 3403 2367 3452 pa—

189 3462 432 3512 triarchae
463 3476 683 3513 mortem
712 3464 842 3512 alius
871 3475 1193 3529 proponatur
1222 3462 1318 3511 nisi
1347 3480 1372 3511 a
1402 3462 1545 3512 dictis
1574 3462 1835 3512 canonicis
1876 3463 2121 3511 canonice
2162 3462 2366 3516 electus}

190 3552 318 3586 neve
347 3536 463 3602 quis
492 3538 767 3604 praefatam
798 3538 1061 3587 ecclesiam
1091 3538 1402 3603 perturbare,
1420 3537 1837 3603 possessionibus
1866 3537 2083 3602 spoliare
2114 3536 2190 3584 vel
2220 3552 2367 3583 vexa-

189 3610 419 3661 tionibus
448 3611 654 3677 fatigare
684 3624 975 3678 praesumat
1004 3611 1252 3674 (Roziere,
1283 3629 1332 3677 p.
1357 3614 1664 3676 278—282,
1695 3612 1794 3662 No.
1823 3612 1947 3675 15‹5;
1990 3611 2368 3659 .lall'e—l,(‘›we11-

192 3684 307 3750 feld,
336 3686 436 3736 No,
478 3704 527 3735 11
557 3688 687 3751 3853
732 3688 924 3736 Reuter
953 3686 1030 3749 III,
1063 3702 1108 3751 p.
1143 3686 1465 3751 562—563).
1548 3697 1580 3751 ¹)
1614 3695 1687 3739 Cf.
1713 3710 1852 3752 supra
1880 3696 1967 3737 No.
1997 3710 2091 3752 323.
2254 3682 2369 3731 444

327 3824 359 3851 ,,
438 3789 584 3838 Mart.
620 3788 873 3839 Gibelleti.
904 3816 976 3822 —ffl
1004 3789 1164 3854 Hugo
1193 3788 1510 3853 Embriacus,
1539 3788 1785 3838 dominus
1815 3787 2068 3849 Gibelleti,
2088 3789 2369 3836 Janucnses

191 3877 384 3911 merces
414 3862 717 3913 inducentes
745 3881 771 3911 a
800 3863 1068 3927 quibusvis
1098 3862 1426 3926 vectigalibus
1453 3863 1713 3912 immunes
1733 3879 1838 3911 csse
1858 3862 2026 3926 sigillo
2046 3862 2277 3910 declarat.
2298 3889 2370 3895 -—

192 3936 547 3987 Landfrancus
568 3937 851 4002 Albericus,
882 3937 1077 4000 legatus
1106 3938 1315 4000 Januae,
1348 3938 1577 3987 marchio
1609 3938 1822 3986 linricus
1851 3936 2122 3999 Gucrcum,
2152 3938 2369 3986 jacobus

2014 4035 2067 4078 ὃ*
