<?xml version="1.0" encoding="UTF-8"?>
<!DOCTYPE html PUBLIC "-//W3C//DTD XHTML 1.0 Transitional//EN"
    "http://www.w3.org/TR/xhtml1/DTD/xhtml1-transitional.dtd">
<html xmlns="http://www.w3.org/1999/xhtml" xml:lang="en" lang="en">
 <head>
  <title>
</title>
<meta http-equiv="Content-Type" content="text/html;charset=utf-8" />
  <meta name='ocr-system' content='tesseract 3.04.00' />
  <meta name='ocr-capabilities' content='ocr_page ocr_carea ocr_par ocr_line ocrx_word'/>
</head>
<body>
  <div class='ocr_page' id='page_1' title='image "./registaregnihier00rhuoft_0143.png"; bbox 0 0 2684 4244; ppageno 0'>
   <div class='ocr_carea' id='block_1_1' title="bbox 979 151 2356 223">
    <p class='ocr_par' dir='ltr' id='par_1_1' title="bbox 979 151 2356 223">
     <span class='ocr_line' id='line_1_1' title="bbox 979 151 2356 223; baseline 0 -27"><span class='ocrx_word' id='word_1_1' title='bbox 979 152 1110 210; x_wconf 80' lang='lat' dir='ltr'>regni</span> <span class='ocrx_word' id='word_1_2' title='bbox 1134 151 1566 211; x_wconf 84' lang='lat' dir='ltr'>Hierosolymitani.</span> <span class='ocrx_word' id='word_1_3' title='bbox 2264 175 2356 223; x_wconf 82' lang='lat'>135</span> 
     </span>
    </p>
   </div>
   <div class='ocr_carea' id='block_1_2' title="bbox 227 230 786 234">
    <p class='ocr_par' dir='ltr' id='par_1_2' title="bbox 227 230 786 234">
     <span class='ocr_line' id='line_1_2' title="bbox 227 230 786 234; baseline 0 0"><span class='ocrx_word' id='word_1_4' title='bbox 227 230 786 234; x_wconf 95' lang='lat' dir='ltr'> </span> 
     </span>
    </p>
   </div>
   <div class='ocr_carea' id='block_1_3' title="bbox 1006 231 2348 233">
    <p class='ocr_par' dir='ltr' id='par_1_3' title="bbox 1006 231 2348 233">
     <span class='ocr_line' id='line_1_3' title="bbox 1006 231 2348 233; baseline 0 0"><span class='ocrx_word' id='word_1_5' title='bbox 1006 231 2348 233; x_wconf 95' lang='lat' dir='ltr'> </span> 
     </span>
    </p>
   </div>
   <div class='ocr_carea' id='block_1_4' title="bbox 182 334 2363 2034">
    <p class='ocr_par' dir='ltr' id='par_1_4' title="bbox 182 334 2363 2034">
     <span class='ocr_line' id='line_1_4' title="bbox 191 334 2359 399; baseline 0 -16"><span class='ocrx_word' id='word_1_6' title='bbox 191 349 390 397; x_wconf 86' lang='lat' dir='ltr'>eorum,</span> <span class='ocrx_word' id='word_1_7' title='bbox 420 335 640 398; x_wconf 87' lang='lat' dir='ltr'>vendita,</span> <span class='ocrx_word' id='word_1_8' title='bbox 676 335 779 397; x_wconf 85' lang='lat'><em>(18)</em></span> <span class='ocrx_word' id='word_1_9' title='bbox 809 336 998 384; x_wconf 90' lang='lat' dir='ltr'>domus</span> <span class='ocrx_word' id='word_1_10' title='bbox 1027 336 1087 383; x_wconf 90' lang='lat' dir='ltr'>ab</span> <span class='ocrx_word' id='word_1_11' title='bbox 1115 335 1351 384; x_wconf 88' lang='lat' dir='ltr'>Johanne</span> <span class='ocrx_word' id='word_1_12' title='bbox 1378 335 1514 383; x_wconf 86' lang='lat' dir='ltr'>Rosa</span> <span class='ocrx_word' id='word_1_13' title='bbox 1543 335 1763 399; x_wconf 87' lang='lat' dir='ltr'>vendita,</span> <span class='ocrx_word' id='word_1_14' title='bbox 1795 335 1897 399; x_wconf 81' lang='lat'>(19)</span> <span class='ocrx_word' id='word_1_15' title='bbox 1926 335 2072 384; x_wconf 89' lang='lat' dir='ltr'>vinea</span> <span class='ocrx_word' id='word_1_16' title='bbox 2103 352 2128 383; x_wconf 89' lang='lat' dir='ltr'>a</span> <span class='ocrx_word' id='word_1_17' title='bbox 2159 334 2359 398; x_wconf 84' lang='lat' dir='ltr'>Pontio,</span> 
     </span>
     <span class='ocr_line' id='line_1_5' title="bbox 190 406 2361 473; baseline 0 -17"><span class='ocrx_word' id='word_1_18' title='bbox 190 406 297 456; x_wconf 88' lang='lat' dir='ltr'>filio</span> <span class='ocrx_word' id='word_1_19' title='bbox 336 408 560 472; x_wconf 82' lang='lat' dir='ltr'>magistri</span> <span class='ocrx_word' id='word_1_20' title='bbox 602 409 811 458; x_wconf 88' lang='lat' dir='ltr'>Roberti</span> <span class='ocrx_word' id='word_1_21' title='bbox 853 410 914 458; x_wconf 92' lang='lat' dir='ltr'>de</span> <span class='ocrx_word' id='word_1_22' title='bbox 954 409 1113 469; x_wconf 88' lang='lat' dir='ltr'>Janie,</span> <span class='ocrx_word' id='word_1_23' title='bbox 1156 409 1376 469; x_wconf 88' lang='lat' dir='ltr'>vendita,</span> <span class='ocrx_word' id='word_1_24' title='bbox 1418 409 1613 472; x_wconf 92' lang='lat' dir='ltr'>hortus,</span> <span class='ocrx_word' id='word_1_25' title='bbox 1656 410 1860 473; x_wconf 92' lang='lat' dir='ltr'>domus,</span> <span class='ocrx_word' id='word_1_26' title='bbox 1903 410 2114 458; x_wconf 89' lang='lat' dir='ltr'>cisterna</span> <span class='ocrx_word' id='word_1_27' title='bbox 2155 421 2361 473; x_wconf 89' lang='lat' dir='ltr'>totaque</span> 
     </span>
     <span class='ocr_line' id='line_1_6' title="bbox 191 480 2362 546; baseline 0 -16"><span class='ocrx_word' id='word_1_28' title='bbox 191 480 422 544; x_wconf 89' lang='lat' dir='ltr'>ejusdem</span> <span class='ocrx_word' id='word_1_29' title='bbox 462 483 728 546; x_wconf 72' lang='lat' dir='ltr'>hereditas,</span> <span class='ocrx_word' id='word_1_30' title='bbox 771 483 873 546; x_wconf 86' lang='grc' dir='ltr'>(2ο)</span> <span class='ocrx_word' id='word_1_31' title='bbox 904 484 1084 532; x_wconf 91' lang='lat' dir='ltr'>hortus</span> <span class='ocrx_word' id='word_1_32' title='bbox 1113 501 1138 531; x_wconf 90' lang='lat' dir='ltr'>a</span> <span class='ocrx_word' id='word_1_33' title='bbox 1170 483 1414 546; x_wconf 85' lang='lat' dir='ltr'>Rodulfo,</span> <span class='ocrx_word' id='word_1_34' title='bbox 1456 483 1615 531; x_wconf 93' lang='lat' dir='ltr'>milite</span> <span class='ocrx_word' id='word_1_35' title='bbox 1655 483 2005 545; x_wconf 87' lang='lat' dir='ltr'>Theutonico,</span> <span class='ocrx_word' id='word_1_36' title='bbox 2050 483 2287 531; x_wconf 88' lang='lat' dir='ltr'>venditus</span> <span class='ocrx_word' id='word_1_37' title='bbox 2316 496 2362 531; x_wconf 92' lang='lat' dir='ltr'>et</span> 
     </span>
     <span class='ocr_line' id='line_1_7' title="bbox 189 556 2361 623; baseline 0 -19"><span class='ocrx_word' id='word_1_38' title='bbox 189 568 303 604; x_wconf 87' lang='lat' dir='ltr'>ante</span> <span class='ocrx_word' id='word_1_39' title='bbox 332 556 543 605; x_wconf 89' lang='lat' dir='ltr'>hortum</span> <span class='ocrx_word' id='word_1_40' title='bbox 572 574 856 623; x_wconf 90' lang='lat' dir='ltr'>puerorum</span> <span class='ocrx_word' id='word_1_41' title='bbox 886 557 1045 606; x_wconf 88' lang='lat' dir='ltr'>fratris</span> <span class='ocrx_word' id='word_1_42' title='bbox 1066 557 1246 606; x_wconf 89' lang='lat' dir='ltr'>Franci</span> <span class='ocrx_word' id='word_1_43' title='bbox 1266 573 1426 623; x_wconf 85' lang='lat' dir='ltr'><strong>prope</strong></span> <span class='ocrx_word' id='word_1_44' title='bbox 1444 557 1616 605; x_wconf 89' lang='lat' dir='ltr'>villam</span> <span class='ocrx_word' id='word_1_45' title='bbox 1635 557 1776 620; x_wconf 87' lang='lat' dir='ltr'>situs,</span> <span class='ocrx_word' id='word_1_46' title='bbox 1809 557 1910 620; x_wconf 88' lang='lat'>(21)</span> <span class='ocrx_word' id='word_1_47' title='bbox 1931 558 2184 606; x_wconf 80' lang='lat' dir='ltr'>hereditas</span> <span class='ocrx_word' id='word_1_48' title='bbox 2204 557 2361 605; x_wconf 84' lang='lat' dir='ltr'>Boni-</span> 
     </span>
     <span class='ocr_line' id='line_1_8' title="bbox 189 628 2361 696; baseline 0 -18"><span class='ocrx_word' id='word_1_49' title='bbox 189 628 288 678; x_wconf 88' lang='lat' dir='ltr'>casi</span> <span class='ocrx_word' id='word_1_50' title='bbox 317 630 378 678; x_wconf 87' lang='lat' dir='ltr'>ab</span> <span class='ocrx_word' id='word_1_51' title='bbox 407 647 566 680; x_wconf 88' lang='lat' dir='ltr'>uxore</span> <span class='ocrx_word' id='word_1_52' title='bbox 608 630 857 694; x_wconf 87' lang='lat' dir='ltr'>ejusdem,</span> <span class='ocrx_word' id='word_1_53' title='bbox 899 631 1115 680; x_wconf 89' lang='lat' dir='ltr'>domino</span> <span class='ocrx_word' id='word_1_54' title='bbox 1144 631 1351 680; x_wconf 88' lang='lat' dir='ltr'>Andrea</span> <span class='ocrx_word' id='word_1_55' title='bbox 1383 631 1654 694; x_wconf 83' lang='lat' dir='ltr'>Burguino</span> <span class='ocrx_word' id='word_1_56' title='bbox 1696 630 1910 696; x_wconf 88' lang='lat' dir='ltr'>ejusque</span> <span class='ocrx_word' id='word_1_57' title='bbox 1952 647 2110 680; x_wconf 78' lang='lat' dir='ltr'>uxore</span> <span class='ocrx_word' id='word_1_58' title='bbox 2155 647 2361 680; x_wconf 84' lang='lat' dir='ltr'>necnon</span> 
     </span>
     <span class='ocr_line' id='line_1_9' title="bbox 188 702 2362 771; baseline 0 -19"><span class='ocrx_word' id='word_1_59' title='bbox 188 702 418 753; x_wconf 89' lang='lat' dir='ltr'>Henrico</span> <span class='ocrx_word' id='word_1_60' title='bbox 447 703 554 754; x_wconf 88' lang='lat' dir='ltr'>filio</span> <span class='ocrx_word' id='word_1_61' title='bbox 582 706 801 768; x_wconf 83' lang='lat' dir='ltr'>vendita,</span> <span class='ocrx_word' id='word_1_62' title='bbox 845 705 948 769; x_wconf 88' lang='lat'>(22)</span> <span class='ocrx_word' id='word_1_63' title='bbox 978 706 1109 771; x_wconf 88' lang='lat' dir='ltr'>petia</span> <span class='ocrx_word' id='word_1_64' title='bbox 1138 718 1295 754; x_wconf 90' lang='lat' dir='ltr'>terrae</span> <span class='ocrx_word' id='word_1_65' title='bbox 1323 706 1594 771; x_wconf 88' lang='lat' dir='ltr'>Joppensis</span> <span class='ocrx_word' id='word_1_66' title='bbox 1633 707 1770 771; x_wconf 88' lang='lat' dir='ltr'>apud</span> <span class='ocrx_word' id='word_1_67' title='bbox 1802 705 2065 754; x_wconf 80' lang='lat' dir='ltr'>fornacem</span> <span class='ocrx_word' id='word_1_68' title='bbox 2093 718 2139 754; x_wconf 89' lang='lat' dir='ltr'>et</span> <span class='ocrx_word' id='word_1_69' title='bbox 2167 705 2362 754; x_wconf 89' lang='lat' dir='ltr'>curiam</span> 
     </span>
     <span class='ocr_line' id='line_1_10' title="bbox 187 778 2362 845; baseline 0 -18"><span class='ocrx_word' id='word_1_70' title='bbox 187 778 643 828; x_wconf 89' lang='lat' dir='ltr'>Theutonicorum</span> <span class='ocrx_word' id='word_1_71' title='bbox 671 779 760 828; x_wconf 89' lang='lat' dir='ltr'>sita</span> <span class='ocrx_word' id='word_1_72' title='bbox 789 792 838 828; x_wconf 93' lang='lat' dir='ltr'>et</span> <span class='ocrx_word' id='word_1_73' title='bbox 865 797 892 828; x_wconf 90' lang='lat' dir='ltr'>a</span> <span class='ocrx_word' id='word_1_74' title='bbox 921 781 1143 844; x_wconf 88' lang='lat' dir='ltr'>quadam</span> <span class='ocrx_word' id='word_1_75' title='bbox 1184 779 1395 829; x_wconf 89' lang='lat' dir='ltr'>domina</span> <span class='ocrx_word' id='word_1_76' title='bbox 1422 779 1643 843; x_wconf 90' lang='lat' dir='ltr'>vendita,</span> <span class='ocrx_word' id='word_1_77' title='bbox 1686 778 1788 844; x_wconf 89' lang='grc'>(23)</span> <span class='ocrx_word' id='word_1_78' title='bbox 1818 780 1951 845; x_wconf 86' lang='lat' dir='ltr'>petia</span> <span class='ocrx_word' id='word_1_79' title='bbox 1981 793 2115 828; x_wconf 85' lang='lat' dir='ltr'>extra</span> <span class='ocrx_word' id='word_1_80' title='bbox 2144 780 2362 828; x_wconf 89' lang='lat' dir='ltr'>eandem</span> 
     </span>
     <span class='ocr_line' id='line_1_11' title="bbox 190 851 2361 919; baseline 0 -18"><span class='ocrx_word' id='word_1_81' title='bbox 190 851 441 901; x_wconf 87' lang='lat' dir='ltr'>civitatem</span> <span class='ocrx_word' id='word_1_82' title='bbox 460 853 624 918; x_wconf 88' lang='lat' dir='ltr'>posita</span> <span class='ocrx_word' id='word_1_83' title='bbox 644 870 732 919; x_wconf 91' lang='lat' dir='ltr'>per</span> <span class='ocrx_word' id='word_1_84' title='bbox 749 870 964 903; x_wconf 85' lang='lat' dir='ltr'>manum</span> <span class='ocrx_word' id='word_1_85' title='bbox 985 853 1145 903; x_wconf 90' lang='lat' dir='ltr'>fratris</span> <span class='ocrx_word' id='word_1_86' title='bbox 1163 854 1375 904; x_wconf 89' lang='lat' dir='ltr'>Roberti</span> <span class='ocrx_word' id='word_1_87' title='bbox 1396 866 1545 918; x_wconf 80' lang='lat' dir='ltr'>emta,</span> <span class='ocrx_word' id='word_1_88' title='bbox 1563 854 1665 918; x_wconf 84' lang='lat'>(24)</span> <span class='ocrx_word' id='word_1_89' title='bbox 1687 854 1874 903; x_wconf 89' lang='lat' dir='ltr'>domus</span> <span class='ocrx_word' id='word_1_90' title='bbox 1893 871 1919 902; x_wconf 89' lang='lat' dir='ltr'>a</span> <span class='ocrx_word' id='word_1_91' title='bbox 1939 854 2115 917; x_wconf 90' lang='lat' dir='ltr'>Guiot,</span> <span class='ocrx_word' id='word_1_92' title='bbox 2137 854 2361 916; x_wconf 86' lang='lat' dir='ltr'>AlbertO,</span> 
     </span>
     <span class='ocr_line' id='line_1_12' title="bbox 188 925 2361 993; baseline 0.001 -19"><span class='ocrx_word' id='word_1_93' title='bbox 188 925 421 975; x_wconf 90' lang='lat' dir='ltr'>Rudulfo</span> <span class='ocrx_word' id='word_1_94' title='bbox 450 940 497 976; x_wconf 92' lang='lat' dir='ltr'>et</span> <span class='ocrx_word' id='word_1_95' title='bbox 525 943 683 977; x_wconf 88' lang='lat' dir='ltr'>uxore</span> <span class='ocrx_word' id='word_1_96' title='bbox 713 927 820 991; x_wconf 87' lang='lat' dir='ltr'>ejus</span> <span class='ocrx_word' id='word_1_97' title='bbox 850 941 981 977; x_wconf 89' lang='lat' dir='ltr'>emta</span> <span class='ocrx_word' id='word_1_98' title='bbox 1011 941 1145 977; x_wconf 83' lang='lat' dir='ltr'>extra</span> <span class='ocrx_word' id='word_1_99' title='bbox 1174 942 1373 993; x_wconf 90' lang='lat' dir='ltr'>portam</span> <span class='ocrx_word' id='word_1_100' title='bbox 1404 927 1612 976; x_wconf 88' lang='lat' dir='ltr'>civitatis</span> <span class='ocrx_word' id='word_1_101' title='bbox 1632 928 1843 991; x_wconf 89' lang='lat' dir='ltr'>(Accon)</span> <span class='ocrx_word' id='word_1_102' title='bbox 1871 927 1976 990; x_wconf 90' lang='lat' dir='ltr'>sita,</span> <span class='ocrx_word' id='word_1_103' title='bbox 2005 927 2107 992; x_wconf 87' lang='lat'>(25)</span> <span class='ocrx_word' id='word_1_104' title='bbox 2130 929 2171 978; x_wconf 94' lang='lat' dir='ltr'>V</span> <span class='ocrx_word' id='word_1_105' title='bbox 2192 944 2361 976; x_wconf 89' lang='lat' dir='ltr'>carru-</span> 
     </span>
     <span class='ocr_line' id='line_1_13' title="bbox 187 1001 2361 1067; baseline 0.001 -18"><span class='ocrx_word' id='word_1_106' title='bbox 187 1012 322 1049; x_wconf 86' lang='lat' dir='ltr'>catae</span> <span class='ocrx_word' id='word_1_107' title='bbox 356 1013 515 1049; x_wconf 87' lang='lat' dir='ltr'>terrae</span> <span class='ocrx_word' id='word_1_108' title='bbox 545 1001 735 1067; x_wconf 87' lang='lat' dir='ltr'>Saphet</span> <span class='ocrx_word' id='word_1_109' title='bbox 763 1019 789 1050; x_wconf 90' lang='lat' dir='ltr'>a</span> <span class='ocrx_word' id='word_1_110' title='bbox 818 1002 1029 1051; x_wconf 89' lang='lat' dir='ltr'>domina</span> <span class='ocrx_word' id='word_1_111' title='bbox 1058 1003 1355 1065; x_wconf 86' lang='lat' dir='ltr'>Hensalme,</span> <span class='ocrx_word' id='word_1_112' title='bbox 1386 1001 1548 1051; x_wconf 91' lang='lat' dir='ltr'>soceri</span> <span class='ocrx_word' id='word_1_113' title='bbox 1578 1001 1679 1065; x_wconf 92' lang='lat' dir='ltr'>(sic)</span> <span class='ocrx_word' id='word_1_114' title='bbox 1710 1002 1911 1051; x_wconf 90' lang='lat' dir='ltr'>domini</span> <span class='ocrx_word' id='word_1_115' title='bbox 1946 1002 2208 1066; x_wconf 88' lang='lat' dir='ltr'>Menebof,</span> <span class='ocrx_word' id='word_1_116' title='bbox 2240 1019 2361 1051; x_wconf 86' lang='lat' dir='ltr'>ven—</span> 
     </span>
     <span class='ocr_line' id='line_1_14' title="bbox 188 1074 2362 1142; baseline 0 -19"><span class='ocrx_word' id='word_1_117' title='bbox 188 1074 318 1123; x_wconf 89' lang='lat' dir='ltr'>ditae</span> <span class='ocrx_word' id='word_1_118' title='bbox 348 1086 395 1123; x_wconf 91' lang='lat' dir='ltr'>et</span> <span class='ocrx_word' id='word_1_119' title='bbox 423 1074 574 1139; x_wconf 89' lang='lat' dir='ltr'>volta,</span> <span class='ocrx_word' id='word_1_120' title='bbox 597 1076 699 1138; x_wconf 83' lang='lat'>(26)</span> <span class='ocrx_word' id='word_1_121' title='bbox 720 1076 899 1125; x_wconf 91' lang='lat' dir='ltr'>hortus</span> <span class='ocrx_word' id='word_1_122' title='bbox 918 1076 1043 1142; x_wconf 92' lang='lat' dir='ltr'>Tyri</span> <span class='ocrx_word' id='word_1_123' title='bbox 1072 1093 1227 1142; x_wconf 89' lang='lat' dir='ltr'>super</span> <span class='ocrx_word' id='word_1_124' title='bbox 1255 1093 1460 1126; x_wconf 78' lang='lat' dir='ltr'>arenam</span> <span class='ocrx_word' id='word_1_125' title='bbox 1491 1090 1537 1125; x_wconf 90' lang='lat' dir='ltr'>et</span> <span class='ocrx_word' id='word_1_126' title='bbox 1566 1075 1668 1139; x_wconf 84' lang='lat'>(27)</span> <span class='ocrx_word' id='word_1_127' title='bbox 1689 1077 1820 1141; x_wconf 91' lang='lat' dir='ltr'>petia</span> <span class='ocrx_word' id='word_1_128' title='bbox 1849 1089 2008 1125; x_wconf 88' lang='lat' dir='ltr'>terrae</span> <span class='ocrx_word' id='word_1_129' title='bbox 2036 1076 2229 1125; x_wconf 84' lang='lat' dir='ltr'>ibidem</span> <span class='ocrx_word' id='word_1_130' title='bbox 2257 1076 2362 1140; x_wconf 80' lang='lat' dir='ltr'>sita,</span> 
     </span>
     <span class='ocr_line' id='line_1_15' title="bbox 187 1150 2360 1214; baseline 0.001 -17"><span class='ocrx_word' id='word_1_131' title='bbox 187 1164 318 1213; x_wconf 87' lang='lat' dir='ltr'>quae</span> <span class='ocrx_word' id='word_1_132' title='bbox 348 1161 484 1197; x_wconf 90' lang='lat' dir='ltr'>tenet</span> <span class='ocrx_word' id='word_1_133' title='bbox 505 1150 546 1199; x_wconf 92' lang='lat' dir='ltr'>V</span> <span class='ocrx_word' id='word_1_134' title='bbox 565 1163 859 1214; x_wconf 81' lang='lat' dir='ltr'>carrucatas,</span> <span class='ocrx_word' id='word_1_135' title='bbox 889 1151 991 1213; x_wconf 88' lang='grc'>(28)</span> <span class='ocrx_word' id='word_1_136' title='bbox 1012 1150 1149 1200; x_wconf 90' lang='lat' dir='ltr'>curia</span> <span class='ocrx_word' id='word_1_137' title='bbox 1167 1151 1484 1201; x_wconf 88' lang='lat' dir='ltr'>Acconensis</span> <span class='ocrx_word' id='word_1_138' title='bbox 1513 1152 1574 1199; x_wconf 89' lang='lat' dir='ltr'>ab</span> <span class='ocrx_word' id='word_1_139' title='bbox 1592 1151 1829 1199; x_wconf 89' lang='lat' dir='ltr'>Johanne</span> <span class='ocrx_word' id='word_1_140' title='bbox 1850 1150 2042 1199; x_wconf 86' lang='lat' dir='ltr'>Strakei</span> <span class='ocrx_word' id='word_1_141' title='bbox 2062 1163 2108 1199; x_wconf 92' lang='lat' dir='ltr'>et</span> <span class='ocrx_word' id='word_1_142' title='bbox 2126 1150 2360 1213; x_wconf 88' lang='lat' dir='ltr'>Guilion,</span> 
     </span>
     <span class='ocr_line' id='line_1_16' title="bbox 187 1221 2362 1291; baseline 0.001 -20"><span class='ocrx_word' id='word_1_143' title='bbox 187 1221 489 1272; x_wconf 88' lang='lat' dir='ltr'>hominibus</span> <span class='ocrx_word' id='word_1_144' title='bbox 527 1223 754 1289; x_wconf 91' lang='lat' dir='ltr'>Templi,</span> <span class='ocrx_word' id='word_1_145' title='bbox 798 1225 1003 1274; x_wconf 89' lang='lat' dir='ltr'>vendita</span> <span class='ocrx_word' id='word_1_146' title='bbox 1032 1239 1079 1274; x_wconf 91' lang='lat' dir='ltr'>et</span> <span class='ocrx_word' id='word_1_147' title='bbox 1107 1238 1222 1291; x_wconf 89' lang='lat' dir='ltr'>post</span> <span class='ocrx_word' id='word_1_148' title='bbox 1250 1225 1481 1275; x_wconf 86' lang='lat' dir='ltr'>seleriam</span> <span class='ocrx_word' id='word_1_149' title='bbox 1522 1225 1629 1287; x_wconf 89' lang='lat' dir='ltr'>sita,</span> <span class='ocrx_word' id='word_1_150' title='bbox 1672 1224 1774 1288; x_wconf 79' lang='lat'>(29)</span> <span class='ocrx_word' id='word_1_151' title='bbox 1817 1226 2005 1273; x_wconf 90' lang='lat' dir='ltr'>domus</span> <span class='ocrx_word' id='word_1_152' title='bbox 2046 1225 2362 1274; x_wconf 91' lang='lat' dir='ltr'>Acconensis</span> 
     </span>
     <span class='ocr_line' id='line_1_17' title="bbox 186 1295 2362 1365; baseline 0 -19"><span class='ocrx_word' id='word_1_153' title='bbox 186 1309 302 1363; x_wconf 91' lang='lat' dir='ltr'>post</span> <span class='ocrx_word' id='word_1_154' title='bbox 328 1295 719 1363; x_wconf 87' lang='lat' dir='ltr'>palmanteriam</span> <span class='ocrx_word' id='word_1_155' title='bbox 746 1298 852 1362; x_wconf 87' lang='lat' dir='ltr'>sita,</span> <span class='ocrx_word' id='word_1_156' title='bbox 885 1298 987 1363; x_wconf 83' lang='lat'><em>(30)</em></span> <span class='ocrx_word' id='word_1_157' title='bbox 1017 1300 1155 1349; x_wconf 90' lang='lat' dir='ltr'>curia</span> <span class='ocrx_word' id='word_1_158' title='bbox 1173 1299 1490 1350; x_wconf 90' lang='lat' dir='ltr'>Acconensis</span> <span class='ocrx_word' id='word_1_159' title='bbox 1519 1317 1545 1348; x_wconf 90' lang='lat' dir='ltr'>a</span> <span class='ocrx_word' id='word_1_160' title='bbox 1574 1299 1886 1348; x_wconf 86' lang='lat' dir='ltr'>monialibus</span> <span class='ocrx_word' id='word_1_161' title='bbox 1905 1300 1967 1347; x_wconf 90' lang='lat' dir='ltr'>de</span> <span class='ocrx_word' id='word_1_162' title='bbox 1986 1300 2130 1365; x_wconf 89' lang='lat' dir='ltr'>Tyro</span> <span class='ocrx_word' id='word_1_163' title='bbox 2160 1300 2362 1348; x_wconf 85' lang='lat' dir='ltr'>vendita</span> 
     </span>
     <span class='ocr_line' id='line_1_18' title="bbox 186 1369 2361 1438; baseline 0 -18"><span class='ocrx_word' id='word_1_164' title='bbox 186 1384 233 1421; x_wconf 91' lang='lat' dir='ltr'>et</span> <span class='ocrx_word' id='word_1_165' title='bbox 261 1369 398 1435; x_wconf 88' lang='lat' dir='ltr'>juxta</span> <span class='ocrx_word' id='word_1_166' title='bbox 425 1370 760 1421; x_wconf 88' lang='lat' dir='ltr'>infirmariam</span> <span class='ocrx_word' id='word_1_167' title='bbox 787 1373 1242 1424; x_wconf 89' lang='lat' dir='ltr'>Theutonicorum</span> <span class='ocrx_word' id='word_1_168' title='bbox 1271 1374 1377 1438; x_wconf 88' lang='lat' dir='ltr'>sita,</span> <span class='ocrx_word' id='word_1_169' title='bbox 1413 1373 1515 1438; x_wconf 78' lang='lat'>(31)</span> <span class='ocrx_word' id='word_1_170' title='bbox 1546 1374 1734 1423; x_wconf 93' lang='lat' dir='ltr'>domus</span> <span class='ocrx_word' id='word_1_171' title='bbox 1762 1373 2080 1423; x_wconf 90' lang='lat' dir='ltr'>Acconensis</span> <span class='ocrx_word' id='word_1_172' title='bbox 2108 1375 2169 1422; x_wconf 90' lang='lat' dir='ltr'>ab</span> <span class='ocrx_word' id='word_1_173' title='bbox 2199 1373 2361 1422; x_wconf 88' lang='lat' dir='ltr'>archi-</span> 
     </span>
     <span class='ocr_line' id='line_1_19' title="bbox 186 1444 2362 1515; baseline 0.001 -21"><span class='ocrx_word' id='word_1_174' title='bbox 186 1444 431 1512; x_wconf 88' lang='lat' dir='ltr'>episcopo</span> <span class='ocrx_word' id='word_1_175' title='bbox 461 1446 831 1496; x_wconf 84' lang='lat' dir='ltr'>Jacobinorum</span> <span class='ocrx_word' id='word_1_176' title='bbox 859 1448 1063 1496; x_wconf 87' lang='lat' dir='ltr'>vendita</span> <span class='ocrx_word' id='word_1_177' title='bbox 1093 1462 1139 1497; x_wconf 92' lang='lat' dir='ltr'>et</span> <span class='ocrx_word' id='word_1_178' title='bbox 1167 1465 1327 1515; x_wconf 89' lang='lat' dir='ltr'>prope</span> <span class='ocrx_word' id='word_1_179' title='bbox 1357 1449 1551 1498; x_wconf 87' lang='lat' dir='ltr'>curiam</span> <span class='ocrx_word' id='word_1_180' title='bbox 1581 1448 2038 1497; x_wconf 90' lang='lat' dir='ltr'>Theutonicorum</span> <span class='ocrx_word' id='word_1_181' title='bbox 2067 1460 2114 1496; x_wconf 93' lang='lat' dir='ltr'>et</span> <span class='ocrx_word' id='word_1_182' title='bbox 2142 1449 2362 1497; x_wconf 90' lang='lat' dir='ltr'>domum</span> 
     </span>
     <span class='ocr_line' id='line_1_20' title="bbox 186 1519 2363 1588; baseline 0 -19"><span class='ocrx_word' id='word_1_183' title='bbox 186 1520 492 1569; x_wconf 85' lang='lat' dir='ltr'>antedictam</span> <span class='ocrx_word' id='word_1_184' title='bbox 520 1519 627 1584; x_wconf 87' lang='lat' dir='ltr'>sita,</span> <span class='ocrx_word' id='word_1_185' title='bbox 659 1521 762 1586; x_wconf 91' lang='grc'>(32)</span> <span class='ocrx_word' id='word_1_186' title='bbox 793 1521 931 1571; x_wconf 90' lang='lat' dir='ltr'>curia</span> <span class='ocrx_word' id='word_1_187' title='bbox 960 1537 1075 1588; x_wconf 89' lang='lat' dir='ltr'>post</span> <span class='ocrx_word' id='word_1_188' title='bbox 1101 1523 1347 1588; x_wconf 88' lang='lat' dir='ltr'>palatium</span> <span class='ocrx_word' id='word_1_189' title='bbox 1374 1522 1827 1572; x_wconf 90' lang='lat' dir='ltr'>Theutonicorum</span> <span class='ocrx_word' id='word_1_190' title='bbox 1858 1526 2162 1571; x_wconf 91' lang='lat' dir='ltr'>Acconense</span> <span class='ocrx_word' id='word_1_191' title='bbox 2196 1522 2288 1570; x_wconf 88' lang='lat' dir='ltr'>sita</span> <span class='ocrx_word' id='word_1_192' title='bbox 2316 1536 2363 1571; x_wconf 88' lang='lat' dir='ltr'>et</span> 
     </span>
     <span class='ocr_line' id='line_1_21' title="bbox 186 1594 2361 1662; baseline 0 -18"><span class='ocrx_word' id='word_1_193' title='bbox 186 1594 443 1644; x_wconf 87' lang='lat' dir='ltr'>Chisseria</span> <span class='ocrx_word' id='word_1_194' title='bbox 482 1608 671 1659; x_wconf 88' lang='lat' dir='ltr'>vocata,</span> <span class='ocrx_word' id='word_1_195' title='bbox 712 1611 844 1660; x_wconf 89' lang='lat' dir='ltr'>quae</span> <span class='ocrx_word' id='word_1_196' title='bbox 886 1596 979 1645; x_wconf 92' lang='lat' dir='ltr'>fuit</span> <span class='ocrx_word' id='word_1_197' title='bbox 1018 1596 1219 1647; x_wconf 89' lang='lat' dir='ltr'>Nicolai</span> <span class='ocrx_word' id='word_1_198' title='bbox 1248 1610 1295 1647; x_wconf 91' lang='lat' dir='ltr'>et</span> <span class='ocrx_word' id='word_1_199' title='bbox 1323 1597 1484 1646; x_wconf 90' lang='lat' dir='ltr'>fratris</span> <span class='ocrx_word' id='word_1_200' title='bbox 1524 1595 1633 1660; x_wconf 82' lang='lat' dir='ltr'>ejus</span> <span class='ocrx_word' id='word_1_201' title='bbox 1672 1596 1997 1662; x_wconf 88' lang='lat' dir='ltr'>scriptorum,</span> <span class='ocrx_word' id='word_1_202' title='bbox 2038 1596 2139 1662; x_wconf 88' lang='grc'>(33)</span> <span class='ocrx_word' id='word_1_203' title='bbox 2171 1597 2361 1645; x_wconf 91' lang='lat' dir='ltr'>domus</span> 
     </span>
     <span class='ocr_line' id='line_1_22' title="bbox 185 1668 2360 1737; baseline 0 -19"><span class='ocrx_word' id='word_1_204' title='bbox 185 1668 503 1718; x_wconf 88' lang='lat' dir='ltr'>Acconensis</span> <span class='ocrx_word' id='word_1_205' title='bbox 532 1683 648 1735; x_wconf 91' lang='lat' dir='ltr'>post</span> <span class='ocrx_word' id='word_1_206' title='bbox 676 1670 870 1718; x_wconf 87' lang='lat' dir='ltr'>curiam</span> <span class='ocrx_word' id='word_1_207' title='bbox 900 1671 1124 1734; x_wconf 82' lang='lat' dir='ltr'>magistri</span> <span class='ocrx_word' id='word_1_208' title='bbox 1152 1672 1244 1720; x_wconf 88' lang='lat' dir='ltr'>sita</span> <span class='ocrx_word' id='word_1_209' title='bbox 1274 1684 1321 1721; x_wconf 94' lang='lat' dir='ltr'>et</span> <span class='ocrx_word' id='word_1_210' title='bbox 1348 1689 1375 1720; x_wconf 89' lang='lat' dir='ltr'>a</span> <span class='ocrx_word' id='word_1_211' title='bbox 1402 1671 1703 1720; x_wconf 87' lang='lat' dir='ltr'>Raimundo</span> <span class='ocrx_word' id='word_1_212' title='bbox 1731 1671 1975 1737; x_wconf 88' lang='lat' dir='ltr'>scriptore</span> <span class='ocrx_word' id='word_1_213' title='bbox 2003 1672 2225 1735; x_wconf 88' lang='lat' dir='ltr'>vendita,</span> <span class='ocrx_word' id='word_1_214' title='bbox 2257 1671 2360 1736; x_wconf 90' lang='grc'>(34)</span> 
     </span>
     <span class='ocr_line' id='line_1_23' title="bbox 184 1743 2360 1809; baseline 0.001 -17"><span class='ocrx_word' id='word_1_215' title='bbox 184 1743 374 1792; x_wconf 90' lang='lat' dir='ltr'>domus</span> <span class='ocrx_word' id='word_1_216' title='bbox 402 1744 722 1793; x_wconf 89' lang='lat' dir='ltr'>Acconensis</span> <span class='ocrx_word' id='word_1_217' title='bbox 750 1744 803 1793; x_wconf 89' lang='lat' dir='ltr'>in</span> <span class='ocrx_word' id='word_1_218' title='bbox 833 1761 960 1809; x_wconf 83' lang='lat' dir='ltr'>ruga</span> <span class='ocrx_word' id='word_1_219' title='bbox 1000 1746 1118 1794; x_wconf 91' lang='lat' dir='ltr'>dicti</span> <span class='ocrx_word' id='word_1_220' title='bbox 1157 1746 1440 1795; x_wconf 82' lang='lat' dir='ltr'>Raimundi</span> <span class='ocrx_word' id='word_1_221' title='bbox 1481 1746 1571 1795; x_wconf 86' lang='lat' dir='ltr'>sita</span> <span class='ocrx_word' id='word_1_222' title='bbox 1600 1759 1647 1795; x_wconf 90' lang='lat' dir='ltr'>et</span> <span class='ocrx_word' id='word_1_223' title='bbox 1674 1763 1700 1794; x_wconf 87' lang='lat' dir='ltr'>a</span> <span class='ocrx_word' id='word_1_224' title='bbox 1730 1746 1878 1795; x_wconf 85' lang='lat' dir='ltr'>Petro</span> <span class='ocrx_word' id='word_1_225' title='bbox 1908 1746 2199 1795; x_wconf 89' lang='lat' dir='ltr'>Corvisario</span> <span class='ocrx_word' id='word_1_226' title='bbox 2236 1762 2360 1794; x_wconf 88' lang='lat' dir='ltr'>ven-</span> 
     </span>
     <span class='ocr_line' id='line_1_24' title="bbox 185 1817 2361 1885; baseline 0 -18"><span class='ocrx_word' id='word_1_227' title='bbox 185 1817 302 1882; x_wconf 88' lang='lat' dir='ltr'>dita,</span> <span class='ocrx_word' id='word_1_228' title='bbox 333 1817 436 1883; x_wconf 86' lang='grc'>(35)</span> <span class='ocrx_word' id='word_1_229' title='bbox 466 1818 601 1884; x_wconf 88' lang='lat' dir='ltr'>petia</span> <span class='ocrx_word' id='word_1_230' title='bbox 627 1820 944 1868; x_wconf 88' lang='lat' dir='ltr'>Acconensis</span> <span class='ocrx_word' id='word_1_231' title='bbox 974 1833 1148 1883; x_wconf 89' lang='lat' dir='ltr'>terrae,</span> <span class='ocrx_word' id='word_1_232' title='bbox 1180 1837 1310 1885; x_wconf 86' lang='lat' dir='ltr'>quae</span> <span class='ocrx_word' id='word_1_233' title='bbox 1350 1834 1423 1870; x_wconf 90' lang='lat' dir='ltr'>est</span> <span class='ocrx_word' id='word_1_234' title='bbox 1461 1833 1577 1870; x_wconf 89' lang='lat' dir='ltr'>ante</span> <span class='ocrx_word' id='word_1_235' title='bbox 1617 1819 1835 1869; x_wconf 87' lang='lat' dir='ltr'>barriam</span> <span class='ocrx_word' id='word_1_236' title='bbox 1877 1820 2130 1883; x_wconf 88' lang='lat' dir='ltr'>(barciam)</span> <span class='ocrx_word' id='word_1_237' title='bbox 2160 1820 2361 1869; x_wconf 89' lang='lat' dir='ltr'>domini</span> 
     </span>
     <span class='ocr_line' id='line_1_25' title="bbox 183 1891 2362 1959; baseline 0.001 -19"><span class='ocrx_word' id='word_1_238' title='bbox 183 1891 456 1958; x_wconf 82' lang='lat' dir='ltr'>AymoniS,</span> <span class='ocrx_word' id='word_1_239' title='bbox 487 1892 590 1957; x_wconf 84' lang='lat'>(36)</span> <span class='ocrx_word' id='word_1_240' title='bbox 620 1893 752 1958; x_wconf 90' lang='lat' dir='ltr'>petia</span> <span class='ocrx_word' id='word_1_241' title='bbox 791 1907 948 1942; x_wconf 86' lang='lat' dir='ltr'>terrae</span> <span class='ocrx_word' id='word_1_242' title='bbox 979 1894 1301 1944; x_wconf 86' lang='lat' dir='ltr'>Sidoniensis</span> <span class='ocrx_word' id='word_1_243' title='bbox 1330 1913 1356 1943; x_wconf 90' lang='lat' dir='ltr'>a</span> <span class='ocrx_word' id='word_1_244' title='bbox 1384 1895 1576 1944; x_wconf 91' lang='lat' dir='ltr'>rustico</span> <span class='ocrx_word' id='word_1_245' title='bbox 1615 1894 1837 1959; x_wconf 88' lang='lat' dir='ltr'>vendita,</span> <span class='ocrx_word' id='word_1_246' title='bbox 1872 1910 2004 1959; x_wconf 89' lang='lat' dir='ltr'>quae</span> <span class='ocrx_word' id='word_1_247' title='bbox 2033 1907 2106 1943; x_wconf 92' lang='lat' dir='ltr'>est</span> <span class='ocrx_word' id='word_1_248' title='bbox 2133 1894 2186 1943; x_wconf 92' lang='lat' dir='ltr'>in</span> <span class='ocrx_word' id='word_1_249' title='bbox 2213 1894 2362 1943; x_wconf 91' lang='lat' dir='ltr'>vinea</span> 
     </span>
     <span class='ocr_line' id='line_1_26' title="bbox 182 1966 2361 2034; baseline 0 -19"><span class='ocrx_word' id='word_1_250' title='bbox 182 1966 638 2016; x_wconf 89' lang='lat' dir='ltr'>Theutonicorum</span> <span class='ocrx_word' id='word_1_251' title='bbox 669 1967 934 2032; x_wconf 86' lang='lat' dir='ltr'>(Strehlke,</span> <span class='ocrx_word' id='word_1_252' title='bbox 966 1985 1013 2034; x_wconf 91' lang='lat' dir='ltr'>p.</span> <span class='ocrx_word' id='word_1_253' title='bbox 1055 1971 1356 2033; x_wconf 80' lang='lat'>120--128,</span> <span class='ocrx_word' id='word_1_254' title='bbox 1386 1971 1487 2019; x_wconf 89' lang='lat' dir='ltr'>No.</span> <span class='ocrx_word' id='word_1_255' title='bbox 1528 1969 1658 2032; x_wconf 83' lang='lat'>128).</span> <span class='ocrx_word' id='word_1_256' title='bbox 2245 1967 2361 2016; x_wconf 89' lang='lat'>510</span> 
     </span>
    </p>
   </div>
   <div class='ocr_carea' id='block_1_5' title="bbox 184 2053 2361 3169">
    <p class='ocr_par' dir='ltr' id='par_1_5' title="bbox 184 2053 2361 3169">
     <span class='ocr_line' id='line_1_27' title="bbox 265 2053 2361 2124; baseline 0.002 -22"><span class='ocrx_word' id='word_1_257' title='bbox 265 2053 417 2104; x_wconf 90' lang='grc'><strong>1174</strong></span> <span class='ocrx_word' id='word_1_258' title='bbox 442 2057 551 2107; x_wconf 88' lang='lat' dir='ltr'>Jan.</span> <span class='ocrx_word' id='word_1_259' title='bbox 584 2075 631 2112; x_wconf 92' lang='lat'>7.</span> <span class='ocrx_word' id='word_1_260' title='bbox 662 2086 735 2093; x_wconf 93' lang='lat'>—</span> <span class='ocrx_word' id='word_1_261' title='bbox 763 2059 1104 2108; x_wconf 86' lang='lat' dir='ltr'>Boamundus</span> <span class='ocrx_word' id='word_1_262' title='bbox 1133 2058 1211 2122; x_wconf 89' lang='lat' dir='ltr'>III,</span> <span class='ocrx_word' id='word_1_263' title='bbox 1254 2058 1493 2124; x_wconf 90' lang='lat' dir='ltr'>princeps</span> <span class='ocrx_word' id='word_1_264' title='bbox 1523 2057 1899 2123; x_wconf 88' lang='lat' dir='ltr'>Antiochenus,</span> <span class='ocrx_word' id='word_1_265' title='bbox 1937 2058 2028 2108; x_wconf 89' lang='lat' dir='ltr'>CC</span> <span class='ocrx_word' id='word_1_266' title='bbox 2055 2057 2285 2107; x_wconf 90' lang='lat' dir='ltr'>bisantiis</span> <span class='ocrx_word' id='word_1_267' title='bbox 2314 2071 2361 2107; x_wconf 90' lang='lat' dir='ltr'>et</span> 
     </span>
     <span class='ocr_line' id='line_1_28' title="bbox 184 2131 2359 2199; baseline 0.001 -20"><span class='ocrx_word' id='word_1_268' title='bbox 184 2146 355 2197; x_wconf 88' lang='lat' dir='ltr'>cuppa</span> <span class='ocrx_word' id='word_1_269' title='bbox 383 2131 445 2180; x_wconf 93' lang='lat' dir='ltr'>III</span> <span class='ocrx_word' id='word_1_270' title='bbox 486 2133 814 2182; x_wconf 88' lang='lat' dir='ltr'>marcharum</span> <span class='ocrx_word' id='word_1_271' title='bbox 853 2132 1074 2197; x_wconf 84' lang='lat' dir='ltr'>argentis</span> <span class='ocrx_word' id='word_1_272' title='bbox 1108 2133 1339 2199; x_wconf 88' lang='lat' dir='ltr'>acceptis,</span> <span class='ocrx_word' id='word_1_273' title='bbox 1382 2149 1641 2182; x_wconf 91' lang='lat' dir='ltr'>consensu</span> <span class='ocrx_word' id='word_1_274' title='bbox 1671 2132 1977 2197; x_wconf 82' lang='lat' dir='ltr'>Orguilosae</span> <span class='ocrx_word' id='word_1_275' title='bbox 2007 2133 2181 2182; x_wconf 86' lang='lat' dir='ltr'>uxoris</span> <span class='ocrx_word' id='word_1_276' title='bbox 2210 2134 2359 2182; x_wconf 87' lang='lat' dir='ltr'>Petro</span> 
     </span>
     <span class='ocr_line' id='line_1_29' title="bbox 185 2205 2358 2273; baseline 0 -19"><span class='ocrx_word' id='word_1_277' title='bbox 185 2205 468 2269; x_wconf 35' lang='lat' dir='ltr'>deiMelfia,</span> <span class='ocrx_word' id='word_1_278' title='bbox 512 2207 715 2256; x_wconf 90' lang='lat' dir='ltr'>homini</span> <span class='ocrx_word' id='word_1_279' title='bbox 743 2223 840 2256; x_wconf 91' lang='lat' dir='ltr'>suo</span> <span class='ocrx_word' id='word_1_280' title='bbox 868 2207 993 2272; x_wconf 85' lang='lat' dir='ltr'>ligio</span> <span class='ocrx_word' id='word_1_281' title='bbox 1033 2225 1088 2256; x_wconf 92' lang='lat' dir='ltr'>ac</span> <span class='ocrx_word' id='word_1_282' title='bbox 1128 2207 1429 2270; x_wconf 77' lang='lat' dir='ltr'>vicecomiti,</span> <span class='ocrx_word' id='word_1_283' title='bbox 1471 2219 1684 2273; x_wconf 88' lang='lat' dir='ltr'>partem,</span> <span class='ocrx_word' id='word_1_284' title='bbox 1726 2223 1884 2272; x_wconf 87' lang='lat' dir='ltr'>quam</span> <span class='ocrx_word' id='word_1_285' title='bbox 1923 2207 2031 2273; x_wconf 91' lang='lat' dir='ltr'>ipse</span> <span class='ocrx_word' id='word_1_286' title='bbox 2065 2207 2280 2256; x_wconf 89' lang='lat' dir='ltr'>habebat</span> <span class='ocrx_word' id='word_1_287' title='bbox 2308 2208 2358 2256; x_wconf 91' lang='lat' dir='ltr'>in</span> 
     </span>
     <span class='ocr_line' id='line_1_30' title="bbox 186 2279 2361 2345; baseline 0.001 -17"><span class='ocrx_word' id='word_1_288' title='bbox 186 2279 491 2330; x_wconf 88' lang='lat' dir='ltr'>molendino</span> <span class='ocrx_word' id='word_1_289' title='bbox 507 2280 793 2331; x_wconf 88' lang='lat' dir='ltr'>Scomodar</span> <span class='ocrx_word' id='word_1_290' title='bbox 806 2282 1038 2331; x_wconf 89' lang='lat' dir='ltr'>videlicet</span> <span class='ocrx_word' id='word_1_291' title='bbox 1052 2282 1376 2331; x_wconf 90' lang='lat' dir='ltr'>medietatem</span> <span class='ocrx_word' id='word_1_292' title='bbox 1392 2281 1660 2345; x_wconf 88' lang='lat' dir='ltr'>octonarii,</span> <span class='ocrx_word' id='word_1_293' title='bbox 1676 2282 1809 2330; x_wconf 89' lang='lat' dir='ltr'>salva</span> <span class='ocrx_word' id='word_1_294' title='bbox 1820 2294 1992 2331; x_wconf 89' lang='lat' dir='ltr'>tamen</span> <span class='ocrx_word' id='word_1_295' title='bbox 2005 2282 2155 2330; x_wconf 88' lang='lat' dir='ltr'>altera</span> <span class='ocrx_word' id='word_1_296' title='bbox 2166 2282 2361 2331; x_wconf 90' lang='lat' dir='ltr'>medie—</span> 
     </span>
     <span class='ocr_line' id='line_1_31' title="bbox 185 2355 2360 2423; baseline 0.001 -21"><span class='ocrx_word' id='word_1_297' title='bbox 185 2365 285 2403; x_wconf 89' lang='lat' dir='ltr'>tate</span> <span class='ocrx_word' id='word_1_298' title='bbox 312 2355 583 2404; x_wconf 90' lang='lat' dir='ltr'>monachis</span> <span class='ocrx_word' id='word_1_299' title='bbox 602 2356 651 2405; x_wconf 85' lang='lat' dir='ltr'>S.</span> <span class='ocrx_word' id='word_1_300' title='bbox 674 2356 949 2423; x_wconf 87' lang='lat' dir='ltr'>Symeonis</span> <span class='ocrx_word' id='word_1_301' title='bbox 978 2357 1241 2405; x_wconf 88' lang='lat' dir='ltr'>annuatim</span> <span class='ocrx_word' id='word_1_302' title='bbox 1273 2356 1519 2405; x_wconf 89' lang='lat' dir='ltr'>solvenda</span> <span class='ocrx_word' id='word_1_303' title='bbox 1548 2356 1785 2405; x_wconf 89' lang='lat' dir='ltr'>concedit</span> <span class='ocrx_word' id='word_1_304' title='bbox 1813 2369 1860 2405; x_wconf 93' lang='lat' dir='ltr'>et</span> <span class='ocrx_word' id='word_1_305' title='bbox 1887 2355 2056 2420; x_wconf 84' lang='lat' dir='ltr'>sigillo</span> <span class='ocrx_word' id='word_1_306' title='bbox 2077 2355 2360 2418; x_wconf 89' lang='lat' dir='ltr'>confirmat,</span> 
     </span>
     <span class='ocr_line' id='line_1_32' title="bbox 186 2428 2360 2497; baseline 0 -20"><span class='ocrx_word' id='word_1_307' title='bbox 186 2428 372 2478; x_wconf 89' lang='lat' dir='ltr'>deinde</span> <span class='ocrx_word' id='word_1_308' title='bbox 400 2430 726 2480; x_wconf 89' lang='lat' dir='ltr'>medietatem</span> <span class='ocrx_word' id='word_1_309' title='bbox 755 2447 903 2480; x_wconf 89' lang='lat' dir='ltr'>suam</span> <span class='ocrx_word' id='word_1_310' title='bbox 932 2432 993 2480; x_wconf 94' lang='lat' dir='ltr'>de</span> <span class='ocrx_word' id='word_1_311' title='bbox 1022 2431 1184 2479; x_wconf 89' lang='lat' dir='ltr'>vineis</span> <span class='ocrx_word' id='word_1_312' title='bbox 1213 2430 1501 2480; x_wconf 91' lang='lat' dir='ltr'>molendini</span> <span class='ocrx_word' id='word_1_313' title='bbox 1530 2444 1577 2480; x_wconf 94' lang='lat' dir='ltr'>et</span> <span class='ocrx_word' id='word_1_314' title='bbox 1604 2431 1923 2497; x_wconf 90' lang='lat' dir='ltr'>pertinentiis</span> <span class='ocrx_word' id='word_1_315' title='bbox 1951 2447 2116 2496; x_wconf 86' lang='lat' dir='ltr'>usque</span> <span class='ocrx_word' id='word_1_316' title='bbox 2144 2432 2206 2480; x_wconf 89' lang='lat' dir='ltr'>ad</span> <span class='ocrx_word' id='word_1_317' title='bbox 2233 2430 2360 2479; x_wconf 90' lang='lat' dir='ltr'>divi-</span> 
     </span>
     <span class='ocr_line' id='line_1_33' title="bbox 185 2502 2361 2571; baseline 0.001 -20"><span class='ocrx_word' id='word_1_318' title='bbox 185 2502 387 2552; x_wconf 89' lang='lat' dir='ltr'>sionem</span> <span class='ocrx_word' id='word_1_319' title='bbox 428 2504 490 2553; x_wconf 94' lang='lat' dir='ltr'>de</span> <span class='ocrx_word' id='word_1_320' title='bbox 528 2506 773 2554; x_wconf 87' lang='lat' dir='ltr'>Maraban</span> <span class='ocrx_word' id='word_1_321' title='bbox 814 2521 1020 2554; x_wconf 92' lang='lat' dir='ltr'>necnon</span> <span class='ocrx_word' id='word_1_322' title='bbox 1061 2506 1122 2554; x_wconf 91' lang='lat' dir='ltr'>de</span> <span class='ocrx_word' id='word_1_323' title='bbox 1163 2505 1323 2554; x_wconf 90' lang='lat' dir='ltr'>vineis</span> <span class='ocrx_word' id='word_1_324' title='bbox 1357 2506 1419 2554; x_wconf 91' lang='lat' dir='ltr'>de</span> <span class='ocrx_word' id='word_1_325' title='bbox 1454 2504 1706 2569; x_wconf 86' lang='lat' dir='ltr'>Saraniac,</span> <span class='ocrx_word' id='word_1_326' title='bbox 1748 2506 1810 2553; x_wconf 94' lang='lat' dir='ltr'>de</span> <span class='ocrx_word' id='word_1_327' title='bbox 1840 2505 1989 2571; x_wconf 87' lang='lat' dir='ltr'>petia,</span> <span class='ocrx_word' id='word_1_328' title='bbox 2031 2522 2188 2570; x_wconf 85' lang='lat' dir='ltr'>quam</span> <span class='ocrx_word' id='word_1_329' title='bbox 2218 2505 2361 2554; x_wconf 90' lang='lat' dir='ltr'>liberi</span> 
     </span>
     <span class='ocr_line' id='line_1_34' title="bbox 184 2577 2360 2645; baseline 0.001 -19"><span class='ocrx_word' id='word_1_330' title='bbox 184 2577 370 2627; x_wconf 85' lang='lat' dir='ltr'>Boneti</span> <span class='ocrx_word' id='word_1_331' title='bbox 397 2590 590 2644; x_wconf 87' lang='lat' dir='ltr'>tenent,</span> <span class='ocrx_word' id='word_1_332' title='bbox 622 2580 683 2629; x_wconf 92' lang='lat' dir='ltr'>de</span> <span class='ocrx_word' id='word_1_333' title='bbox 712 2580 823 2642; x_wconf 88' lang='lat' dir='ltr'>alia,</span> <span class='ocrx_word' id='word_1_334' title='bbox 854 2597 985 2645; x_wconf 86' lang='lat' dir='ltr'>quae</span> <span class='ocrx_word' id='word_1_335' title='bbox 1014 2579 1108 2629; x_wconf 90' lang='lat' dir='ltr'>fuit</span> <span class='ocrx_word' id='word_1_336' title='bbox 1136 2580 1323 2629; x_wconf 90' lang='lat' dir='ltr'>Hervei</span> <span class='ocrx_word' id='word_1_337' title='bbox 1351 2580 1495 2629; x_wconf 90' lang='lat' dir='ltr'>Parvi</span> <span class='ocrx_word' id='word_1_338' title='bbox 1525 2592 1572 2628; x_wconf 94' lang='lat' dir='ltr'>et</span> <span class='ocrx_word' id='word_1_339' title='bbox 1600 2592 1674 2629; x_wconf 90' lang='lat' dir='ltr'>est</span> <span class='ocrx_word' id='word_1_340' title='bbox 1701 2580 2173 2629; x_wconf 88' lang='lat' dir='ltr'>sanctimonialium</span> <span class='ocrx_word' id='word_1_341' title='bbox 2203 2580 2360 2640; x_wconf 86' lang='lat' dir='ltr'>Ferri,</span> 
     </span>
     <span class='ocr_line' id='line_1_35' title="bbox 186 2651 2361 2720; baseline 0.001 -20"><span class='ocrx_word' id='word_1_342' title='bbox 186 2651 248 2701; x_wconf 90' lang='lat' dir='ltr'>de</span> <span class='ocrx_word' id='word_1_343' title='bbox 288 2651 399 2716; x_wconf 87' lang='lat' dir='ltr'>alia,</span> <span class='ocrx_word' id='word_1_344' title='bbox 441 2669 573 2719; x_wconf 88' lang='lat' dir='ltr'>quae</span> <span class='ocrx_word' id='word_1_345' title='bbox 613 2656 674 2703; x_wconf 92' lang='lat' dir='ltr'>ab</span> <span class='ocrx_word' id='word_1_346' title='bbox 715 2655 902 2704; x_wconf 93' lang='lat' dir='ltr'>eodem</span> <span class='ocrx_word' id='word_1_347' title='bbox 943 2655 1004 2703; x_wconf 93' lang='lat' dir='ltr'>de</span> <span class='ocrx_word' id='word_1_348' title='bbox 1046 2654 1216 2703; x_wconf 89' lang='lat' dir='ltr'>Melfia</span> <span class='ocrx_word' id='word_1_349' title='bbox 1257 2671 1491 2720; x_wconf 88' lang='lat' dir='ltr'>possessa</span> <span class='ocrx_word' id='word_1_350' title='bbox 1530 2655 1618 2703; x_wconf 91' lang='lat' dir='ltr'>sed</span> <span class='ocrx_word' id='word_1_351' title='bbox 1660 2654 1712 2703; x_wconf 90' lang='lat' dir='ltr'>in</span> <span class='ocrx_word' id='word_1_352' title='bbox 1752 2667 2015 2703; x_wconf 90' lang='lat' dir='ltr'>contractu</span> <span class='ocrx_word' id='word_1_353' title='bbox 2045 2655 2361 2703; x_wconf 86' lang='lat' dir='ltr'>matrimonii</span> 
     </span>
     <span class='ocr_line' id='line_1_36' title="bbox 185 2724 2359 2794; baseline 0.001 -20"><span class='ocrx_word' id='word_1_354' title='bbox 185 2724 386 2775; x_wconf 88' lang='lat' dir='ltr'>filiabus</span> <span class='ocrx_word' id='word_1_355' title='bbox 415 2728 527 2777; x_wconf 88' lang='lat' dir='ltr'>data</span> <span class='ocrx_word' id='word_1_356' title='bbox 556 2741 645 2792; x_wconf 90' lang='lat' dir='ltr'>est,</span> <span class='ocrx_word' id='word_1_357' title='bbox 676 2729 738 2778; x_wconf 92' lang='lat' dir='ltr'>de</span> <span class='ocrx_word' id='word_1_358' title='bbox 767 2728 877 2778; x_wconf 90' lang='lat' dir='ltr'>aliis</span> <span class='ocrx_word' id='word_1_359' title='bbox 907 2728 1132 2794; x_wconf 90' lang='lat' dir='ltr'>denique</span> <span class='ocrx_word' id='word_1_360' title='bbox 1162 2729 1323 2794; x_wconf 77' lang='lat' dir='ltr'>petiis,</span> <span class='ocrx_word' id='word_1_361' title='bbox 1355 2745 1485 2794; x_wconf 89' lang='lat' dir='ltr'>quae</span> <span class='ocrx_word' id='word_1_362' title='bbox 1507 2728 1717 2778; x_wconf 88' lang='lat' dir='ltr'>fuerunt</span> <span class='ocrx_word' id='word_1_363' title='bbox 1733 2729 1875 2778; x_wconf 87' lang='lat' dir='ltr'>Adae</span> <span class='ocrx_word' id='word_1_364' title='bbox 1895 2729 1956 2778; x_wconf 95' lang='lat' dir='ltr'>de</span> <span class='ocrx_word' id='word_1_365' title='bbox 1977 2729 2091 2778; x_wconf 90' lang='lat' dir='ltr'>Rua</span> <span class='ocrx_word' id='word_1_366' title='bbox 2110 2729 2359 2788; x_wconf 83' lang='lat' dir='ltr'>Obscura,</span> 
     </span>
     <span class='ocr_line' id='line_1_37' title="bbox 184 2801 2361 2867; baseline 0.001 -18"><span class='ocrx_word' id='word_1_367' title='bbox 184 2801 422 2850; x_wconf 89' lang='lat' dir='ltr'>Andreae</span> <span class='ocrx_word' id='word_1_368' title='bbox 442 2802 798 2867; x_wconf 88' lang='lat' dir='ltr'>Cambiatoris,</span> <span class='ocrx_word' id='word_1_369' title='bbox 828 2804 1034 2867; x_wconf 78' lang='lat' dir='ltr'>pagani,</span> <span class='ocrx_word' id='word_1_370' title='bbox 1064 2802 1153 2851; x_wconf 87' lang='lat' dir='ltr'>filii</span> <span class='ocrx_word' id='word_1_371' title='bbox 1172 2803 1359 2866; x_wconf 82' lang='lat' dir='ltr'>Basilii,</span> <span class='ocrx_word' id='word_1_372' title='bbox 1383 2816 1430 2852; x_wconf 89' lang='lat' dir='ltr'>et</span> <span class='ocrx_word' id='word_1_373' title='bbox 1453 2802 1673 2867; x_wconf 88' lang='lat' dir='ltr'>Sibillae,</span> <span class='ocrx_word' id='word_1_374' title='bbox 1704 2804 1878 2852; x_wconf 87' lang='lat' dir='ltr'>uxoris</span> <span class='ocrx_word' id='word_1_375' title='bbox 1897 2804 2026 2853; x_wconf 84' lang='lat' dir='ltr'>Petri</span> <span class='ocrx_word' id='word_1_376' title='bbox 2049 2804 2110 2852; x_wconf 91' lang='lat' dir='ltr'>de</span> <span class='ocrx_word' id='word_1_377' title='bbox 2131 2804 2361 2852; x_wconf 89' lang='lat' dir='ltr'>Avinum</span> 
     </span>
     <span class='ocr_line' id='line_1_38' title="bbox 188 2874 2360 2941; baseline 0.001 -17"><span class='ocrx_word' id='word_1_378' title='bbox 188 2874 486 2940; x_wconf 88' lang='lat' dir='ltr'>(Avionun).</span> <span class='ocrx_word' id='word_1_379' title='bbox 521 2905 588 2911; x_wconf 89' lang='lat'>—</span> <span class='ocrx_word' id='word_1_380' title='bbox 616 2878 903 2927; x_wconf 89' lang='lat' dir='ltr'>Huduinus</span> <span class='ocrx_word' id='word_1_381' title='bbox 934 2877 1269 2940; x_wconf 91' lang='lat' dir='ltr'>(Huduimus)</span> <span class='ocrx_word' id='word_1_382' title='bbox 1301 2878 1362 2926; x_wconf 93' lang='lat' dir='ltr'>de</span> <span class='ocrx_word' id='word_1_383' title='bbox 1393 2877 1640 2927; x_wconf 88' lang='lat' dir='ltr'>Marroles</span> <span class='ocrx_word' id='word_1_384' title='bbox 1670 2878 1914 2941; x_wconf 84' lang='lat' dir='ltr'>(Marrot),</span> <span class='ocrx_word' id='word_1_385' title='bbox 1953 2877 2205 2939; x_wconf 88' lang='lat' dir='ltr'>Silvester,</span> <span class='ocrx_word' id='word_1_386' title='bbox 2236 2894 2360 2927; x_wconf 91' lang='lat' dir='ltr'>con—</span> 
     </span>
     <span class='ocr_line' id='line_1_39' title="bbox 184 2949 2361 3019; baseline 0.001 -21"><span class='ocrx_word' id='word_1_387' title='bbox 184 2949 503 3014; x_wconf 88' lang='lat' dir='ltr'>sanguineus</span> <span class='ocrx_word' id='word_1_388' title='bbox 531 2952 792 3019; x_wconf 88' lang='lat' dir='ltr'>principis,</span> <span class='ocrx_word' id='word_1_389' title='bbox 825 2952 1079 3016; x_wconf 84' lang='lat' dir='ltr'>Rogerius</span> <span class='ocrx_word' id='word_1_390' title='bbox 1098 2953 1159 3000; x_wconf 95' lang='lat' dir='ltr'>de</span> <span class='ocrx_word' id='word_1_391' title='bbox 1180 2952 1345 3001; x_wconf 87' lang='lat' dir='ltr'>Surda</span> <span class='ocrx_word' id='word_1_392' title='bbox 1371 2953 1512 3010; x_wconf 84' lang='lat' dir='ltr'>valle,</span> <span class='ocrx_word' id='word_1_393' title='bbox 1543 2952 1860 3002; x_wconf 87' lang='lat' dir='ltr'>Guiscardus</span> <span class='ocrx_word' id='word_1_394' title='bbox 1880 2954 1941 3002; x_wconf 94' lang='lat' dir='ltr'>de</span> <span class='ocrx_word' id='word_1_395' title='bbox 1962 2953 2147 3016; x_wconf 91' lang='lat' dir='ltr'>Insula,</span> <span class='ocrx_word' id='word_1_396' title='bbox 2178 2953 2361 3001; x_wconf 86' lang='lat' dir='ltr'>Simon</span> 
     </span>
     <span class='ocr_line' id='line_1_40' title="bbox 184 3024 2361 3093; baseline 0 -19"><span class='ocrx_word' id='word_1_397' title='bbox 184 3024 525 3090; x_wconf 85' lang='lat' dir='ltr'>Burgevinus,</span> <span class='ocrx_word' id='word_1_398' title='bbox 567 3027 671 3076; x_wconf 88' lang='lat' dir='ltr'>dux</span> <span class='ocrx_word' id='word_1_399' title='bbox 713 3027 1035 3091; x_wconf 88' lang='lat' dir='ltr'>Antiochiae,</span> <span class='ocrx_word' id='word_1_400' title='bbox 1078 3027 1340 3076; x_wconf 87' lang='lat' dir='ltr'>Johannes</span> <span class='ocrx_word' id='word_1_401' title='bbox 1380 3027 1441 3075; x_wconf 93' lang='lat' dir='ltr'>de</span> <span class='ocrx_word' id='word_1_402' title='bbox 1486 3026 1754 3092; x_wconf 85' lang='lat' dir='ltr'>Salquino.</span> <span class='ocrx_word' id='word_1_403' title='bbox 1807 3029 1998 3076; x_wconf 89' lang='lat' dir='ltr'>Datum</span> <span class='ocrx_word' id='word_1_404' title='bbox 2027 3044 2118 3093; x_wconf 91' lang='lat' dir='ltr'>per</span> <span class='ocrx_word' id='word_1_405' title='bbox 2146 3043 2361 3076; x_wconf 88' lang='lat' dir='ltr'>manum</span> 
     </span>
     <span class='ocr_line' id='line_1_41' title="bbox 186 3098 2358 3169; baseline 0.001 -22"><span class='ocrx_word' id='word_1_406' title='bbox 186 3098 731 3166; x_wconf 83' lang='lat' dir='ltr'>Alexandri,Apamiae</span> <span class='ocrx_word' id='word_1_407' title='bbox 747 3101 999 3166; x_wconf 90' lang='lat' dir='ltr'>canonici,</span> <span class='ocrx_word' id='word_1_408' title='bbox 1016 3117 1154 3150; x_wconf 87' lang='lat' dir='ltr'>anno</span> <span class='ocrx_word' id='word_1_409' title='bbox 1170 3101 1483 3167; x_wconf 88' lang='lat' dir='ltr'>principatus</span> <span class='ocrx_word' id='word_1_410' title='bbox 1497 3102 1565 3150; x_wconf 90' lang='lat' dir='ltr'>XI</span> <span class='ocrx_word' id='word_1_411' title='bbox 1577 3101 1721 3169; x_wconf 87' lang='lat' dir='ltr'>(Rey,</span> <span class='ocrx_word' id='word_1_412' title='bbox 1735 3102 2056 3151; x_wconf 84' lang='lat' dir='ltr'>Recherches</span> <span class='ocrx_word' id='word_1_413' title='bbox 2068 3119 2116 3168; x_wconf 91' lang='lat' dir='ltr'>p.</span> <span class='ocrx_word' id='word_1_414' title='bbox 2129 3119 2151 3150; x_wconf 83' lang='lat'>2</span> <span class='ocrx_word' id='word_1_415' title='bbox 2165 3119 2301 3150; x_wconf 79' lang='lat'>2—-2</span> <span class='ocrx_word' id='word_1_416' title='bbox 2314 3118 2358 3166; x_wconf 90' lang='grc'>3;</span> 
     </span>
    </p>
   </div>
   <div class='ocr_carea' id='block_1_6' title="bbox 187 3172 2354 3242">
    <p class='ocr_par' dir='ltr' id='par_1_6' title="bbox 187 3172 2354 3242">
     <span class='ocr_line' id='line_1_42' title="bbox 187 3172 2354 3242; baseline 0 -21"><span class='ocrx_word' id='word_1_417' title='bbox 187 3172 468 3239; x_wconf 80' lang='lat' dir='ltr'>AltpreUSS.</span> <span class='ocrx_word' id='word_1_418' title='bbox 501 3176 842 3225; x_wconf 88' lang='lat' dir='ltr'>Monatsschr.</span> <span class='ocrx_word' id='word_1_419' title='bbox 872 3176 984 3239; x_wconf 88' lang='lat' dir='ltr'>XX,</span> <span class='ocrx_word' id='word_1_420' title='bbox 1015 3192 1062 3242; x_wconf 93' lang='lat' dir='ltr'>p.</span> <span class='ocrx_word' id='word_1_421' title='bbox 1098 3176 1403 3241; x_wconf 81' lang='lat'>386—387,</span> <span class='ocrx_word' id='word_1_422' title='bbox 1434 3177 1533 3225; x_wconf 94' lang='lat' dir='ltr'>N0.</span> <span class='ocrx_word' id='word_1_423' title='bbox 1575 3176 1631 3238; x_wconf 92' lang='lat'>1).</span> <span class='ocrx_word' id='word_1_424' title='bbox 2246 3174 2354 3222; x_wconf 90' lang='lat'>511</span> 
     </span>
    </p>
   </div>
   <div class='ocr_carea' id='block_1_7' title="bbox 185 3264 2362 4003">
    <p class='ocr_par' dir='ltr' id='par_1_7' title="bbox 185 3264 2362 4003">
     <span class='ocr_line' id='line_1_43' title="bbox 326 3264 2359 3332; baseline 0 -19"><span class='ocrx_word' id='word_1_425' title='bbox 326 3300 356 3327; x_wconf 89' lang='lat'><strong>„</strong></span> <span class='ocrx_word' id='word_1_426' title='bbox 450 3264 597 3315; x_wconf 89' lang='lat' dir='ltr'>Febr.</span> <span class='ocrx_word' id='word_1_427' title='bbox 631 3282 714 3330; x_wconf 83' lang='lat'>24,</span> <span class='ocrx_word' id='word_1_428' title='bbox 746 3266 851 3315; x_wconf 89' lang='lat' dir='ltr'>ind.</span> <span class='ocrx_word' id='word_1_429' title='bbox 882 3265 986 3315; x_wconf 90' lang='lat' dir='ltr'>VII.</span> <span class='ocrx_word' id='word_1_430' title='bbox 1018 3268 1212 3314; x_wconf 92' lang='lat' dir='ltr'>Accon.</span> <span class='ocrx_word' id='word_1_431' title='bbox 1243 3292 1315 3299; x_wconf 93' lang='lat'>—-</span> <span class='ocrx_word' id='word_1_432' title='bbox 1342 3265 1631 3314; x_wconf 89' lang='lat' dir='ltr'>Amalricus</span> <span class='ocrx_word' id='word_1_433' title='bbox 1660 3266 1694 3329; x_wconf 92' lang='lat' dir='ltr'>I,</span> <span class='ocrx_word' id='word_1_434' title='bbox 1725 3283 1811 3315; x_wconf 90' lang='lat' dir='ltr'>rex</span> <span class='ocrx_word' id='word_1_435' title='bbox 1838 3266 2359 3332; x_wconf 79' lang='lat' dir='ltr'>Hierosolymitanus,</span> 
     </span>
     <span class='ocr_line' id='line_1_44' title="bbox 187 3336 2360 3402; baseline 0.002 -18"><span class='ocrx_word' id='word_1_436' title='bbox 187 3336 427 3387; x_wconf 88' lang='lat' dir='ltr'>ecclesiae</span> <span class='ocrx_word' id='word_1_437' title='bbox 456 3338 506 3388; x_wconf 84' lang='lat' dir='ltr'>S.</span> <span class='ocrx_word' id='word_1_438' title='bbox 537 3339 711 3388; x_wconf 88' lang='lat' dir='ltr'>Lazari</span> <span class='ocrx_word' id='word_1_439' title='bbox 753 3339 887 3402; x_wconf 87' lang='lat' dir='ltr'>juxta</span> <span class='ocrx_word' id='word_1_440' title='bbox 927 3356 1104 3388; x_wconf 88' lang='lat' dir='ltr'>muros</span> <span class='ocrx_word' id='word_1_441' title='bbox 1133 3339 1412 3388; x_wconf 89' lang='lat' dir='ltr'>Jerusalem</span> <span class='ocrx_word' id='word_1_442' title='bbox 1440 3340 1531 3389; x_wconf 84' lang='lat' dir='ltr'>XL</span> <span class='ocrx_word' id='word_1_443' title='bbox 1566 3340 1812 3390; x_wconf 88' lang='lat' dir='ltr'>bisantios</span> <span class='ocrx_word' id='word_1_444' title='bbox 1842 3341 1894 3390; x_wconf 91' lang='lat' dir='ltr'>in</span> <span class='ocrx_word' id='word_1_445' title='bbox 1923 3341 2124 3390; x_wconf 90' lang='lat' dir='ltr'>redditu</span> <span class='ocrx_word' id='word_1_446' title='bbox 2155 3353 2360 3389; x_wconf 75' lang='lat' dir='ltr'>catenae</span> 
     </span>
     <span class='ocr_line' id='line_1_45' title="bbox 186 3412 2360 3480; baseline 0.001 -21"><span class='ocrx_word' id='word_1_447' title='bbox 186 3412 502 3462; x_wconf 88' lang='lat' dir='ltr'>Acconensis</span> <span class='ocrx_word' id='word_1_448' title='bbox 538 3427 586 3463; x_wconf 91' lang='lat' dir='ltr'>et</span> <span class='ocrx_word' id='word_1_449' title='bbox 621 3415 683 3463; x_wconf 90' lang='lat' dir='ltr'>de</span> <span class='ocrx_word' id='word_1_450' title='bbox 712 3415 819 3480; x_wconf 88' lang='lat' dir='ltr'>ipsa</span> <span class='ocrx_word' id='word_1_451' title='bbox 848 3414 1018 3462; x_wconf 86' lang='lat' dir='ltr'>assisia</span> <span class='ocrx_word' id='word_1_452' title='bbox 1047 3414 1236 3463; x_wconf 89' lang='lat' dir='ltr'>Galteri</span> <span class='ocrx_word' id='word_1_453' title='bbox 1267 3414 1328 3462; x_wconf 92' lang='lat' dir='ltr'>de</span> <span class='ocrx_word' id='word_1_454' title='bbox 1358 3414 1545 3478; x_wconf 85' lang='lat' dir='ltr'>BeritO,</span> <span class='ocrx_word' id='word_1_455' title='bbox 1587 3415 1788 3464; x_wconf 89' lang='lat' dir='ltr'>domini</span> <span class='ocrx_word' id='word_1_456' title='bbox 1816 3415 1976 3464; x_wconf 87' lang='lat' dir='ltr'>Albae</span> <span class='ocrx_word' id='word_1_457' title='bbox 2008 3415 2304 3470; x_wconf 78' lang='lat' dir='ltr'>Custodiae,</span> <span class='ocrx_word' id='word_1_458' title='bbox 2335 3433 2360 3462; x_wconf 86' lang='lat' dir='ltr'>a</span> 
     </span>
     <span class='ocr_line' id='line_1_46' title="bbox 186 3488 2361 3555; baseline 0.002 -22"><span class='ocrx_word' id='word_1_459' title='bbox 186 3501 303 3549; x_wconf 85' lang='lat' dir='ltr'>rege</span> <span class='ocrx_word' id='word_1_460' title='bbox 344 3503 438 3552; x_wconf 93' lang='lat' dir='ltr'>pro</span> <span class='ocrx_word' id='word_1_461' title='bbox 473 3488 643 3538; x_wconf 89' lang='lat' dir='ltr'>Berito</span> <span class='ocrx_word' id='word_1_462' title='bbox 673 3489 725 3537; x_wconf 90' lang='lat' dir='ltr'>in</span> <span class='ocrx_word' id='word_1_463' title='bbox 754 3489 1116 3537; x_wconf 88' lang='lat' dir='ltr'>concambium</span> <span class='ocrx_word' id='word_1_464' title='bbox 1146 3488 1257 3537; x_wconf 86' lang='lat' dir='ltr'>data</span> <span class='ocrx_word' id='word_1_465' title='bbox 1286 3489 1554 3538; x_wconf 87' lang='lat' dir='ltr'>annuatim</span> <span class='ocrx_word' id='word_1_466' title='bbox 1583 3489 1907 3555; x_wconf 83' lang='lat' dir='ltr'>recipiendos</span> <span class='ocrx_word' id='word_1_467' title='bbox 1937 3491 2094 3538; x_wconf 88' lang='lat' dir='ltr'>donat</span> <span class='ocrx_word' id='word_1_468' title='bbox 2122 3502 2168 3537; x_wconf 82' lang='lat' dir='ltr'>et</span> <span class='ocrx_word' id='word_1_469' title='bbox 2196 3489 2361 3552; x_wconf 66' lang='lat' dir='ltr'>sigillo</span> 
     </span>
     <span class='ocr_line' id='line_1_47' title="bbox 187 3559 2361 3629; baseline 0.001 -21"><span class='ocrx_word' id='word_1_470' title='bbox 187 3559 471 3611; x_wconf 85' lang='lat' dir='ltr'>confirmat.</span> <span class='ocrx_word' id='word_1_471' title='bbox 506 3590 570 3596; x_wconf 91' lang='lat'>——</span> <span class='ocrx_word' id='word_1_472' title='bbox 602 3563 897 3624; x_wconf 81' lang='lat' dir='ltr'>GuerricuS,</span> <span class='ocrx_word' id='word_1_473' title='bbox 939 3562 1354 3629; x_wconf 86' lang='lat' dir='ltr'>archiepiscopus</span> <span class='ocrx_word' id='word_1_474' title='bbox 1382 3564 1709 3626; x_wconf 75' lang='lat' dir='ltr'>PetracensiS,</span> <span class='ocrx_word' id='word_1_475' title='bbox 1753 3565 2054 3623; x_wconf 81' lang='lat' dir='ltr'>Renaudus,</span> <span class='ocrx_word' id='word_1_476' title='bbox 2087 3563 2361 3628; x_wconf 81' lang='lat' dir='ltr'>episcopus</span> 
     </span>
     <span class='ocr_line' id='line_1_48' title="bbox 185 3634 2362 3701; baseline 0 -18"><span class='ocrx_word' id='word_1_477' title='bbox 185 3634 519 3699; x_wconf 89' lang='lat' dir='ltr'>Ebronensis,</span> <span class='ocrx_word' id='word_1_478' title='bbox 549 3637 805 3686; x_wconf 88' lang='lat' dir='ltr'>Enfredus</span> <span class='ocrx_word' id='word_1_479' title='bbox 824 3637 1246 3700; x_wconf 83' lang='lat' dir='ltr'>constabularius,</span> <span class='ocrx_word' id='word_1_480' title='bbox 1281 3637 1407 3686; x_wconf 88' lang='lat' dir='ltr'>Milo</span> <span class='ocrx_word' id='word_1_481' title='bbox 1427 3638 1488 3687; x_wconf 91' lang='lat' dir='ltr'>de</span> <span class='ocrx_word' id='word_1_482' title='bbox 1509 3638 1762 3701; x_wconf 74' lang='lat' dir='ltr'>planceio,</span> <span class='ocrx_word' id='word_1_483' title='bbox 1790 3639 2038 3698; x_wconf 82' lang='lat' dir='ltr'>Roaldus,</span> <span class='ocrx_word' id='word_1_484' title='bbox 2060 3638 2362 3686; x_wconf 84' lang='lat' dir='ltr'>castellanus</span> 
     </span>
     <span class='ocr_line' id='line_1_49' title="bbox 187 3708 2360 3776; baseline 0.001 -19"><span class='ocrx_word' id='word_1_485' title='bbox 187 3708 710 3776; x_wconf 86' lang='lat' dir='ltr'>Hierosolymitanus,</span> <span class='ocrx_word' id='word_1_486' title='bbox 751 3711 1041 3760; x_wconf 86' lang='lat' dir='ltr'>Amalricus</span> <span class='ocrx_word' id='word_1_487' title='bbox 1082 3712 1142 3760; x_wconf 87' lang='lat' dir='ltr'>de</span> <span class='ocrx_word' id='word_1_488' title='bbox 1185 3712 1447 3775; x_wconf 86' lang='lat' dir='ltr'>Caesarea,</span> <span class='ocrx_word' id='word_1_489' title='bbox 1491 3713 1729 3761; x_wconf 83' lang='lat' dir='ltr'>Ansellus</span> <span class='ocrx_word' id='word_1_490' title='bbox 1764 3714 1826 3761; x_wconf 92' lang='lat' dir='ltr'>de</span> <span class='ocrx_word' id='word_1_491' title='bbox 1861 3714 1969 3774; x_wconf 85' lang='lat' dir='ltr'>Pas,</span> <span class='ocrx_word' id='word_1_492' title='bbox 2010 3713 2269 3761; x_wconf 72' lang='lat' dir='ltr'>johannes</span> <span class='ocrx_word' id='word_1_493' title='bbox 2299 3713 2360 3760; x_wconf 83' lang='lat' dir='ltr'>de</span> 
     </span>
     <span class='ocr_line' id='line_1_50' title="bbox 188 3782 2361 3852; baseline 0 -19"><span class='ocrx_word' id='word_1_494' title='bbox 188 3782 507 3848; x_wconf 87' lang='lat' dir='ltr'>ValenceniS,</span> <span class='ocrx_word' id='word_1_495' title='bbox 550 3785 848 3835; x_wconf 86' lang='lat' dir='ltr'>Willelmus</span> <span class='ocrx_word' id='word_1_496' title='bbox 887 3786 1156 3846; x_wconf 87' lang='lat' dir='ltr'>Hernaud,</span> <span class='ocrx_word' id='word_1_497' title='bbox 1197 3786 1438 3835; x_wconf 87' lang='lat' dir='ltr'>Giraldus</span> <span class='ocrx_word' id='word_1_498' title='bbox 1478 3788 1725 3836; x_wconf 83' lang='lat' dir='ltr'>Passerer.</span> <span class='ocrx_word' id='word_1_499' title='bbox 1788 3788 1977 3836; x_wconf 87' lang='lat' dir='ltr'>Datum</span> <span class='ocrx_word' id='word_1_500' title='bbox 2019 3804 2107 3852; x_wconf 82' lang='lat' dir='ltr'>per</span> <span class='ocrx_word' id='word_1_501' title='bbox 2147 3802 2361 3835; x_wconf 84' lang='lat' dir='ltr'>manum</span> 
     </span>
     <span class='ocr_line' id='line_1_51' title="bbox 188 3857 2360 3925; baseline 0.002 -20"><span class='ocrx_word' id='word_1_502' title='bbox 188 3857 411 3916; x_wconf 82' lang='lat' dir='ltr'>Radulfi,</span> <span class='ocrx_word' id='word_1_503' title='bbox 441 3858 667 3924; x_wconf 89' lang='lat' dir='ltr'>episcopi</span> <span class='ocrx_word' id='word_1_504' title='bbox 699 3860 1089 3908; x_wconf 84' lang='lat' dir='ltr'>Bethleemitani</span> <span class='ocrx_word' id='word_1_505' title='bbox 1122 3860 1357 3925; x_wconf 72' lang='lat' dir='ltr'>regisque</span> <span class='ocrx_word' id='word_1_506' title='bbox 1399 3861 1683 3910; x_wconf 81' lang='lat' dir='ltr'>cancellarii</span> <span class='ocrx_word' id='word_1_507' title='bbox 1725 3861 1987 3923; x_wconf 78' lang='lat' dir='ltr'>(Archivcs</span> <span class='ocrx_word' id='word_1_508' title='bbox 2028 3862 2090 3909; x_wconf 85' lang='lat' dir='ltr'>de</span> <span class='ocrx_word' id='word_1_509' title='bbox 2132 3861 2360 3909; x_wconf 57' lang='lat' dir='ltr'>rosit-111</span> 
     </span>
     <span class='ocr_line' id='line_1_52' title="bbox 188 3930 2358 4003; baseline 0.001 -24"><span class='ocrx_word' id='word_1_510' title='bbox 188 3930 311 3980; x_wconf 90' lang='lat' dir='ltr'>latin</span> <span class='ocrx_word' id='word_1_511' title='bbox 331 3932 440 3997; x_wconf 73' lang='grc' dir='ltr'>ΙΙΒ7</span> <span class='ocrx_word' id='word_1_512' title='bbox 471 3949 520 3999; x_wconf 93' lang='lat' dir='ltr'>p.</span> <span class='ocrx_word' id='word_1_513' title='bbox 553 3935 853 3998; x_wconf 77' lang='lat'>145—146,</span> <span class='ocrx_word' id='word_1_514' title='bbox 886 3935 984 3983; x_wconf 87' lang='lat' dir='ltr'>No.</span> <span class='ocrx_word' id='word_1_515' title='bbox 1011 3938 1104 3995; x_wconf 70' lang='lat'>28,</span> <span class='ocrx_word' id='word_1_516' title='bbox 1137 3934 1197 3983; x_wconf 88' lang='lat' dir='ltr'>cf.</span> <span class='ocrx_word' id='word_1_517' title='bbox 1229 3935 1478 3994; x_wconf 74' lang='lat' dir='ltr'>Cibtario,</span> <span class='ocrx_word' id='word_1_518' title='bbox 1511 3953 1558 4002; x_wconf 89' lang='lat' dir='ltr'>p.</span> <span class='ocrx_word' id='word_1_519' title='bbox 1584 3937 1714 4002; x_wconf 79' lang='lat'>2363</span> <span class='ocrx_word' id='word_1_520' title='bbox 1750 3936 1989 3991; x_wconf 74' lang='lat' dir='ltr'>Ferrand,</span> <span class='ocrx_word' id='word_1_521' title='bbox 2014 3952 2059 4003; x_wconf 91' lang='lat' dir='ltr'>p.</span> <span class='ocrx_word' id='word_1_522' title='bbox 2087 3936 2185 4001; x_wconf 71' lang='grc'>32).</span> <span class='ocrx_word' id='word_1_523' title='bbox 2243 3934 2358 3983; x_wconf 89' lang='grc'>512</span> 
     </span>
    </p>
   </div>
  </div>
 </body>
</html>
