2684 4244
313 405 451 458 solae
491 421 743 473 paparum
783 403 1029 471 epistulae
1069 403 1262 454 librum
1288 416 1454 454 tantae
1482 403 1855 470 magnitudinis
1883 403 2237 471 explevissent,
2266 418 2487 472 quantae

314 497 396 546 hic
424 508 598 547 noster
626 507 714 545 est.
769 493 959 543 Pariter
986 492 1247 560 epistulaS,
1277 493 1468 559 quibus
1497 495 1627 544 bella
1653 511 1791 544 sacra
1819 496 1880 544 ab
1909 495 2315 546 occidentalibus
2341 513 2489 564 pere-

312 585 471 652 grinis
501 596 786 648 narrantur,
823 596 870 633 et
898 583 1115 648 chartae,
1146 598 1279 648 quae
1307 583 1370 632 ad
1399 583 1560 650 Cypri
1587 596 1636 633 et
1665 583 1940 633 Armeniae
1966 584 2047 633 vel
2074 583 2320 651 privatam
2349 585 2488 637 ordi-

313 691 444 725 num
472 673 791 740 equestrium
818 672 1087 722 historiam
1115 671 1348 736 attinent,
1377 684 1466 721 aut
1493 672 1644 739 plane
1674 672 1965 738 omisimUS,
1986 685 2073 723 aut
2089 673 2307 723 breviter
2323 689 2490 725 anno-

311 764 590 815 tationibus
617 762 895 826 attigimuS.
962 760 1078 810 Hoc
1104 772 1279 809 tamen
1311 759 1700 826 confirmamu8,
1743 762 1941 812 nullam
1978 778 2090 811 rem
2127 762 2416 827 graviorem
2442 773 2492 812 et

313 851 562 916 majorem
591 849 829 916 (exceptis
860 848 1082 913 ineditis)
1123 864 1219 898 nos
1260 847 1467 914 fugisse,
1511 847 1593 898 vel
1630 866 1658 898 a
1688 850 1838 899 nobis
1877 832 2288 917 praetermissam
2316 850 2488 902 fuisse.

293 941 555 1007 ¹Denique
582 940 714 990 libro
743 951 922 990 nostro
951 938 1178 988 indicem
1206 952 1564 1004 personarum,
1593 938 1832 988 locorum
1860 952 1909 989 et
1934 956 2108 990 rerum
2128 955 2337 990 necnon
2353 939 2493 1005 glos-

312 1030 506 1081 sarium
547 1029 846 1079 addendum
888 1044 996 1078 esse
1035 1026 1331 1094 putavimus
1369 1039 1648 1094 sperantes,
1693 1028 1830 1077 viros
1863 1029 2042 1080 doctos
2080 1028 2201 1078 inde
2242 1044 2494 1096 magnum

317 1121 542 1170 fructum
569 1118 789 1168 libenter
815 1130 1150 1185 percepturos
1178 1132 1304 1166 esse.

491 1217 681 1282 Restat,
712 1228 769 1265 ut
800 1214 920 1265 viris
952 1213 1307 1279 ornatissimis,
1338 1213 1529 1280 quibus
1557 1232 1585 1264 a
1613 1214 1873 1266 Friderico
1899 1215 2164 1265 Bohmero
2201 1213 2494 1265 testamenti

315 1304 631 1373 exsequendi
675 1321 796 1354 cura
838 1305 1078 1354 mandata
1118 1303 1240 1369 fuit,
1293 1303 1534 1355 Dominis
1587 1304 1674 1353 Dr.
1716 1303 1910 1353 Adolfo
1949 1304 2011 1353 de
2052 1304 2299 1370 Harnier,
2351 1303 2494 1370 regio

314 1395 533 1462 justitiae
551 1393 844 1443 consiliario
863 1404 910 1442 et
929 1393 1019 1442 Dr.
1036 1392 1299 1442 Friderico
1319 1391 1737 1441 Schmidt-Polex
1755 1391 1795 1441 F
1798 1390 2139 1442 rancofortiae
2155 1392 2220 1442 ad
2239 1392 2495 1443 Moenum

314 1484 601 1535 constitutis
620 1482 840 1550 optimas
857 1481 1105 1531 maximas
1116 1481 1300 1547 gratias
1318 1496 1481 1545 agam,
1496 1480 1587 1547 qui
1605 1496 1665 1531 ex
1683 1479 1918 1547 pecunia,
1932 1496 2088 1546 quam
2110 1479 2192 1531 Fr.
2203 1480 2496 1532 Bohmerus

314 1576 377 1624 ad
418 1573 683 1624 historiam
720 1570 1030 1623 Germaniae
1064 1570 1343 1620 fovendam
1377 1583 1425 1620 et
1456 1570 1809 1620 illustrandam
1842 1569 2128 1637 proposuit,
2159 1569 2496 1622 libentissime

317 1677 559 1728 magnam
587 1673 784 1728 partem
812 1660 875 1709 ad
903 1660 1046 1710 hunc
1073 1659 1265 1710 librum
1291 1658 1426 1726 typis
1455 1658 1819 1709 excudendum
1846 1659 2212 1725 praebuerunt,
2239 1671 2498 1727 praeterea

314 1751 594 1822 clarissimo
621 1749 866 1800 Delaville
892 1748 938 1798 le
966 1749 1154 1812 Roulx,
1171 1748 1262 1814 qui
1291 1746 1487 1798 ordinis
1502 1747 1815 1798 S.Johannis
1840 1747 2074 1798 codicem
2103 1748 2497 1816 diplomaticum
2560 1792 2563 1794 .

316 1841 548 1891 editurus
576 1840 775 1906 aliquot
801 1838 1192 1890 emendationes
1219 1850 1453 1888 textuum
1482 1854 1573 1904 per
1600 1837 1651 1888 S.
1679 1838 1897 1888 Paolum
1933 1838 2193 1890 editorum
2221 1839 2496 1890 nobiscum

316 1930 683 1996 benignissime
713 1928 1131 1993 communicavit,
1173 1927 1399 1994 denique
1438 1925 1827 1977 bibliothecario
1872 1927 2201 1979 ornatissimo
2227 1928 2499 1980 Parisiensi

317 2020 558 2070 Couderc
586 2031 634 2068 et
660 2018 825 2068 amico
853 2030 1032 2068 nostro
1060 2017 1120 2067 C.
1142 2016 1431 2082 Desimoni,
1460 2016 1808 2067 archiviorum
1835 2015 2076 2082 Liguriae
2103 2016 2377 2084 praefectO,
2407 2016 2499 2085 qui

317 2111 515 2160 chartas
543 2109 758 2159 ineditas
786 2108 1101 2159 obtulerunt.

494 2271 887 2338 BEROLINI,
927 2273 987 2323 18
1016 2270 1328 2322 Novembris
1365 2272 1518 2336 1892.

1655 2433 1980 2493 Reinhold
2026 2433 2361 2493 Riihricht.
