2684 4244
351 139 450 191 302
1280 115 1575 175 Regesta

345 291 649 375 exponentis
702 307 1032 357 commendat
1084 305 1402 372 (Pamplona,
1458 305 1704 356 Archives
1743 307 1792 357 d.
1834 318 2066 373 comptes
2106 307 2169 356 de
2207 308 2430 356 Navarre
2456 306 2515 371 II,

344 385 444 432 No.
486 401 498 432 1
524 401 536 431 1
562 398 573 445 ;
617 382 757 431 dedit
784 382 976 431 Comes
1006 379 1190 443 Riant).
2367 378 2518 430 1140

424 484 573 533 1246
600 483 797 550 (1245)
827 486 974 534 Mart.
1011 512 1070 519 —
1111 484 1285 533 Heton
1324 483 1358 547 Ι,
1400 499 1487 533 rex
1514 484 1806 548 Armeniae,
1846 499 1966 533 cum
2005 483 2317 549 Helysabeth
2357 499 2518 534 uxore

344 559 638 610 Venetianis
666 575 756 625 per
783 574 1000 608 manum
1028 557 1161 607 Petri
1190 557 1436 607 Dandulo
1476 558 1626 622 legati
1655 557 1710 607 in
1736 570 1846 607 toto
1874 573 2036 621 regno
2069 573 2166 606 suo
2195 557 2520 608 securitatem

343 649 549 682 necnon
592 633 883 682 Mamistrae
923 632 1187 682 ecclesiam
1228 631 1463 681 concedit
1501 643 1550 680 et
1589 631 1757 696 sigillo
1797 630 2082 681 confirmat.
2122 659 2195 666 ——
2234 630 2519 700 Gregorius

341 708 577 757 sacerdos
600 707 930 757 cancellarius
949 705 1163 773 scripsit.
1192 704 1400 756 Gabriel
1420 705 1666 755 Paulinus
1685 706 1915 756 notarius
1934 718 2025 755 ete.
2047 718 2103 755 ut
2120 721 2275 771 supra
2292 706 2393 755 No.
2414 706 2516 756 282

342 780 772 844 (Tafel-Thomas
799 782 855 845 ΙΙ,
885 798 933 848 p.
954 781 1266 847 426—428,
1296 780 1397 829 No,
1422 795 1552 845 3073
1596 779 1857 844 Langlois,
1889 796 1936 846 p.
1967 781 2268 845 143-146,
2298 780 2399 829 No,
2428 794 2517 844 193

342 855 403 905 cf.
434 855 680 904 Archives
709 856 757 906 d.
787 855 925 905 miss,
968 853 1184 905 scientif.
1215 855 1272 919 II,
1315 871 1363 920 p.
1398 854 1529 918 368;
1574 854 1743 903 Marin
1771 855 1854 919 IV,
1895 870 1944 920 p.
1985 869 2319 919 155—-157;
2361 853 2518 904 Arch.

340 929 527 978 storico
557 930 676 994 ital.,
706 946 821 996 app.
853 930 936 994 IX,
967 946 1016 995 p.
1051 945 1181 995 3153
1226 928 1519 992 DulaurIer,
1550 928 1873 978 Recherches
1902 928 1936 992 I,
1966 944 2015 994 p.
2059 927 2189 990 126).
2370 924 2514 975 1141

476 1070 507 1095 ,,
586 1031 706 1098 Maj.
741 1050 822 1098 25.
850 1061 923 1068 ——
951 1032 1145 1098 Saloph
1172 1033 1419 1099 Beelphet
1446 1034 1599 1099 Ayob
1629 1031 1804 1095 (Malik
1831 1031 2120 1096 as-Salich),
2157 1031 2291 1082 filius
2318 1031 2520 1081 soldani

339 1106 632 1171 Al-Kamel,
644 1107 947 1157 Innocentio
962 1107 1043 1171 IV,
1055 1106 1146 1172 qui
1162 1123 1340 1172 pacem
1354 1107 1435 1156 vel
1449 1120 1651 1171 treugas
1669 1106 1923 1156 faciendas
1938 1119 2215 1172 rogaverat,
2229 1106 2522 1172 respondet,

342 1197 395 1229 se
424 1197 544 1230 cum
574 1181 858 1231 christianis
899 1194 1075 1231 contra
1115 1197 1383 1231 assensum
1411 1180 1655 1230 Friderici
1683 1181 1722 1230 II
1751 1181 2090 1248 imperatoriS,
2121 1195 2355 1246 quocum
2381 1191 2523 1246 pater

339 1272 465 1304 suus
505 1268 552 1304 et
593 1255 701 1323 ipse
741 1255 922 1305 intima
961 1254 1294 1304 familiaritate
1334 1253 1644 1319 conjunctus
1685 1255 1837 1305 fuerit
1865 1267 1914 1305 et
1941 1255 2018 1319 sit,
2060 1270 2376 1321 componere
2409 1269 2520 1304 non

339 1345 507 1394 posse,
538 1331 627 1379 sed
657 1330 842 1380 nuntio
871 1347 968 1379 suo
997 1330 1059 1379 ad
1089 1329 1282 1379 curiam
1322 1328 1441 1379 dicti
1481 1329 1803 1396 imperatoris
1843 1329 2125 1380 constituto
2164 1329 2425 1393 mandare,
2466 1340 2523 1378 ut

340 1419 526 1470 papam
555 1405 699 1453 adeat
735 1421 854 1454 cum
895 1405 1007 1471 ipso
1049 1403 1401 1454 collocuturus
1441 1403 1729 1470 (Raynaldi,
1774 1404 1962 1454 Annal.
2004 1419 2155 1469 1245,
2197 1410 2221 1459 §
2255 1418 2518 1468 52—55;

343 1478 633 1528 Matthaeus
652 1479 791 1528 Paris
810 1479 892 1543 IV,
911 1495 959 1544 p.
987 1478 1302 1543 566—5683
1334 1478 1522 1527 Annal.
1545 1477 1818 1528 Stadenses
1836 1478 1891 1527 in
1910 1479 2056 1528 Mon.
2077 1477 2254 1528 Germ.
2275 1477 2364 1527 SS.
2384 1476 2519 1543 XVI,

339 1568 387 1617 p.
422 1568 553 1616 3703
585 1554 783 1603 Chron.
813 1552 1046 1603 Zantfliet
1072 1552 1126 1601 in
1155 1552 1404 1617 Martene,
1435 1551 1608 1618 Ampl.
1631 1553 1844 1603 Collect.
1862 1553 1923 1617 V,
1954 1569 2003 1619 p.
2036 1553 2280 1615 81——823
2310 1551 2378 1602 H.
2397 1551 2521 1601 Bre-

339 1626 503 1675 holles
530 1627 678 1692 VIA,
708 1643 755 1693 p.
783 1643 1105 1693 423--425;
1137 1627 1324 1691 Berger
1352 1627 1387 1691 I,
1418 1643 1467 1692 p.
1503 1628 1620 1692 296,
1649 1627 1749 1677 No,
1780 1642 1942 1692 1994;
1985 1626 2046 1676 cf.
2078 1626 2335 1691 Reinaud,
2363 1625 2551 1691 Extr.„*

339 1717 387 1766 p.
411 1717 554 1766 ‚447;
609 1702 810 1751 Riezler
850 1702 903 1751 in
943 1701 1155 1751 Forsch.
1197 1701 1280 1765 XI,
1322 1717 1372 1767 p.
1405 1702 1748 1767 633-634;
1792 1701 2186 1766 Winkelmann,
2230 1699 2352 1750 ibid.
2391 1699 2519 1765 XIII,

337 1791 387 1897 pl.
421 1776 554 1914 647),
598 1775 869 1841 Rohricht,
911 1776 1140 1840 Beitrage
1170 1775 1205 1841 Ι,
1246 1791 1295 1842 p.
1329 1777 1413 1841 83,
1454 1776 1575 1826 Not.
1610 1793 1712 1831 270
1753 1788 1800 1825 et
1838 1776 1892 1825 in
1920 1775 2133 1826 Forsch.
2173 1775 2326 1840 1886,
2355 1790 2520 1897 {⁰125}

390 1862 458 1899 ot.
493 1868 521 1904 7
548 1890 558 1900 .
2344 1865 2360 1875 “
2392 1868 2395 1869 ’

475 1993 505 2018 ,,
583 1959 719 2020 Aug.
742 1957 939 2021 6—15.
969 1984 1041 1990 ——
1070 1956 1229 2006 Malik
1256 1955 1516 2021 an-Nasir,
1537 1955 1674 2006 filius
1695 1956 1852 2006 Malik
1879 1954 2261 2020 al—Muazzami,
2280 1953 2521 2021 princeps

339 2029 534 2080 arcium
565 2030 702 2079 Krak
732 2043 779 2080 et
807 2030 1096 2095 Schaubek,
1138 2030 1238 2080 fide
1279 2031 1629 2080 Mahumetica
1667 2030 1896 2098 exposita
1931 2029 2238 2081 Innocentio
2266 2029 2331 2080 IV
2359 2044 2520 2096 papae

337 2105 632 2170 respondet,
654 2105 745 2170 qui
773 2118 1014 2170 suaserat,
1045 2118 1102 2155 ut
1129 2105 1191 2154 ad
1211 2104 1402 2155 Christi
1431 2105 1628 2155 cultum
1654 2122 1708 2155 se
1737 2118 1999 2155 convertat
2026 2102 2312 2171 (Raynaldi,
2330 2104 2518 2154 Annal.

347 2195 499 2244 1247,
530 2186 553 2235 S
585 2195 831 2245 71-—74;
874 2180 1065 2245 Berger
1093 2180 1125 2244 I,
1154 2196 1203 2246 p.
1233 2196 1359 2245 455,
1389 2180 1489 2229 No,
1525 2180 1700 2246 3033).
2371 2174 2520 2226 1143

472 2318 504 2345 ,,
581 2287 717 2349 Aug.
758 2301 834 2349 15.
877 2313 943 2319 —
986 2283 1143 2333 Malik
1187 2284 1480 2348 as-Salich,
1525 2284 1774 2334 soldanus
1816 2282 2057 2350 Aegypti,
2102 2282 2409 2332 Innocentio
2453 2282 2520 2333 IV

336 2373 515 2422 papae,
536 2357 779 2423 rescribit,
799 2375 851 2407 se
871 2357 1045 2408 dolere
1066 2359 1127 2408 de
1158 2358 1207 2408 S.
1226 2358 1496 2424 Sepulchri
1516 2358 1878 2422 destructione,
1899 2369 1948 2406 et
1964 2356 2251 2423 pollicetur,
2279 2373 2332 2406 se
2359 2356 2518 2406 male-

338 2430 551 2480 factores
570 2432 880 2497 puniturum
910 2445 957 2482 et
985 2433 1150 2482 claves
1169 2433 1287 2482 dicti
1307 2433 1578 2498 Sepulchri
1596 2432 1835 2483 fidelibus
1853 2432 1961 2482 suis
1979 2432 2239 2496 daturum,
2259 2430 2351 2497 qui
2378 2447 2519 2481 nun-

337 2521 494 2570 quam
524 2506 623 2555 nisi
651 2507 936 2573 peregrinis
965 2507 1210 2573 aperiant,
1241 2507 1393 2572 eique
1421 2508 1781 2557 restaurandae
1810 2519 1857 2556 et
1885 2507 2148 2556 ornandae
2167 2521 2381 2573 operam
2400 2505 2519 2555 dare

334 2580 462 2629 velle
492 2579 783 2648 (Raynaldi,
815 2583 1003 2631 Annal.
1045 2598 1196 2647 1247,
1227 2589 1250 2638 5
1282 2583 1549 2647 74——763
1592 2582 1782 2647 Berger
1809 2582 1844 2646 I,
1874 2598 1923 2647 p.
1954 2598 2079 2646 455,
2110 2581 2210 2631 No.
2246 2595 2412 2646 30343
2455 2579 2518 2630 cf.

336 2653 589 2704 Ro'hricht
617 2656 670 2705 in
699 2656 910 2706 Forsch.
952 2657 1104 2721 1886,
1135 2673 1184 2723 p.
1217 2674 1302 2721 91,
1333 2657 1452 2706 Not.
1485 2657 1514 2706 6
1546 2669 1594 2706 et
1621 2673 1671 2723 p.
1705 2673 1790 2722 95,
1821 2657 1940 2706 Not.
1973 2656 2039 2719 7).
2367 2651 2519 2702 1144

474 2795 503 2821 ,,
583 2758 715 2825 (post
733 2759 871 2826 Sept.
903 2760 960 2824 1),
992 2760 1177 2810 ind.V.
1196 2788 1269 2795 ——
1297 2759 1628 2825 Guillelmus,
1649 2760 2065 2826 archiepiscopus
2085 2757 2517 2823 MamistanensiS,

335 2831 503 2896 sigillo
532 2833 817 2899 confirmat,
855 2851 907 2884 se
937 2836 1018 2900 D.,
1049 2834 1332 2901 Hospitalis
1361 2834 1678 2885 Antiocheni
1707 2847 2110 2901 praeceptorem,
2140 2832 2415 2897 rogavisse,
2446 2846 2517 2897 ut,

335 2906 430 2955 sibi
474 2907 733 2957 frumenta
776 2921 825 2958 et
868 2910 988 2958 alias
1029 2909 1268 2973 decimas,
1309 2926 1437 2975 quas
1477 2909 1783 2959 Antiochiae
1824 2909 1943 2958 dare
1983 2908 2204 2971 deberet,
2250 2906 2517 2972 Figeniam

336 2997 478 3030 nunc
521 2982 755 3048 mitteret,
802 2995 850 3032 et
893 2985 1120 3034 eundem
1165 2996 1556 3050 praeceptorem
1600 2984 1679 3032 his
1722 2983 1960 3050 precibus
2004 2981 2248 3032 annuisse
2291 2980 2449 3044 (Paoli
2481 2980 2516 3046 I,

335 3071 384 3121 p.
420 3057 542 3121 258,
572 3057 673 3106 No.
708 3058 847 3121 218).
2365 3053 2517 3103 1145

472 3198 503 3224 ‚‚
582 3160 766 3211 Octob.
807 3163 885 3226 16,
930 3162 1037 3212 ind.
1067 3163 1129 3213 V.
1174 3162 1412 3212 Rivoalti.
1441 3190 1514 3196 —
1551 3161 1861 3228 StephanuS,
1903 3161 2154 3228 plebanus
2194 3160 2244 3210 S.
2276 3159 2517 3227 Sophiae,

337 3236 502 3300 Petr0,
534 3235 778 3302 episcopo
808 3236 1118 3301 Castellano,
1148 3236 1434 3302 confirmat,
1464 3253 1518 3285 se
1547 3237 1789 3302 praedem
1817 3235 1927 3285 fieri
1955 3252 2050 3302 pro
2078 3235 2295 3299 singulis
2333 3234 2518 3283 marcis

337 3308 453 3374 illis,
484 3325 612 3375 quas
639 3310 918 3377 Iohannes,
949 3327 1090 3360 nunc
1117 3312 1380 3377 presbyter
1420 3311 1470 3360 S.
1502 3311 1661 3360 Marci
1690 3310 1928 3360 ecclesiae
1957 3309 2306 3373 BaruthensiS,
2335 3325 2428 3375 per
2454 3308 2517 3358 III

339 3400 506 3434 annos
534 3383 733 3433 solvere
760 3397 979 3450 tenetur,
1010 3385 1141 3435 sicut
1168 3385 1455 3435 antedictus
1484 3385 1758 3451 episcopus
1785 3384 1955 3434 charta
1974 3384 2084 3433 VIII
2102 3383 2184 3433 die
2204 3382 2536 3450 Septembris

340 3458 462 3507 facta
493 3458 824 3508 constituerat
852 3458 1146 3522 (Cornelius
1174 3459 1302 3525 XIII,
1332 3472 1456 3526 part.
1487 3459 1522 3524 I,
1552 3476 1600 3526 p.
1633 3460 1763 3522 2263
1805 3458 2214 3508 Tafel-Thomas
2242 3457 2299 3522 II,
2328 3473 2378 3524 p.
2407 3473 2515 3523 429

333 3549 532 3598 -43ο,
560 3533 660 3583 No,
694 3535 826 3599 3083
858 3534 920 3583 cf.
950 3550 1105 3600 supra
1133 3535 1233 3583 No,
1265 3534 1433 3599 1132).
2365 3529 2517 3579 1146

399 3635 416 3700 (
482 3675 512 3700 ,,
591 3637 724 3686 Nov.
765 3635 862 3699 11).
892 3664 964 3672 -
1004 3637 1285 3703 Imperator
1321 3638 1659 3686 Tartarorum
1685 3637 1717 3700 l)
1758 3635 2060 3686 Innocentio
2101 3636 2167 3687 IV
2207 3651 2383 3702 papae,
2425 3634 2516 3700 qui

236 3741 238 3743 μ
336 3726 428 3776 per
479 3711 693 3761 nuntios
715 3712 750 3775 2)
803 3724 1082 3777 rogaverat,
1136 3723 1194 3761 ut
1246 3711 1546 3778 baptismate
1600 3723 1807 3778 accepto
1845 3727 1873 3759 a
1911 3711 2064 3760 caede
2117 3710 2517 3759 christianorum

462 3841 496 3895 1)
530 3839 722 3899 Kuyuk,
747 3838 829 3898 qui
850 3839 995 3898 April.
1027 3840 1136 3897 1248
1160 3839 1278 3885 obiit
1312 3840 1631 3898 (Mouradgea
1666 3838 1911 3884 d'Ohsson
1933 3837 1986 3895 II,
2018 3852 2063 3896 p.
2088 3850 2198 3897 2343
2241 3837 2397 3896 Heyd,
2425 3835 2515 3881 Die

339 3897 593 3953 Colonien,
622 3897 747 3957 1858,
769 3914 814 3958 p.
839 3899 959 3956 266).
1087 3902 1123 3956 2)
1147 3901 1414 3945 Johannem
1441 3900 1499 3944 de
1522 3899 1674 3943 Plano
1700 3897 1892 3956 Carpini
1914 3907 1961 3942 et
1983 3896 2294 3942 Laurentium
2311 3897 2370 3942 de
2391 3896 2513 3942 Por·
