2684 4244
969 88 1101 147 regni
1124 85 1555 147 Hierosolymitani.
2240 111 2264 142 2
2280 110 2339 158 57

175 270 497 320 Venetorum
526 270 867 335 Cretensium,
909 272 1047 321 dedit
1089 288 1194 337 quo
1225 273 1450 322 Venetos
1479 272 1532 320 in
1561 272 1702 337 Syria
1731 284 2110 321 commorantes
2140 271 2345 320 instanti

175 344 344 394 hieme
374 346 592 395 domum
621 345 784 395 redire
814 358 861 394 et
889 360 1155 412 praecepta
1184 364 1209 394 a
1239 346 1383 412 papis
1412 362 1559 412 saepe
1590 346 1721 395 edita
1749 346 2025 412 respiciens
2041 358 2345 395 mercatores

175 422 473 485 Aegyptum
501 419 800 485 lignamina,
822 420 1031 483 ferrum,
1053 421 1218 486 picem
1247 421 1325 469 vel
1354 419 1447 468 alia
1476 420 1701 468 subsidia
1729 421 1903 469 bellica
1933 433 2188 486 asportare
2215 432 2346 469 vetat

173 492 598 555 (Tafel-Thomas
627 494 683 558 II,
714 511 761 560 p.
794 495 1099 560 261—264,
1130 496 1230 544 No,
1255 510 1385 555 2713
1418 493 1478 543 cf.
1511 511 1558 559 p.
1584 496 1712 553 2603
1745 495 1895 560 Heyd
1925 495 1959 559 I,
1990 511 2038 560 p.
2059 495 2198 559 406).
2230 492 2344 541 976

310 618 340 643 „
421 583 567 632 Mart.
606 611 675 617 —-
715 583 975 632 Johannes
1019 584 1080 632 de
1126 582 1389 644 HibelinO,
1435 582 1681 631 dominus
1709 583 1905 647 Berriti,
1951 584 2168 646 donum,
2201 583 2343 647 quod

172 655 459 718 G(alterius)
479 657 784 719 Brisebarre,
806 658 1073 722 quondam
1093 656 1272 706 Berriti
1292 657 1538 706 dominus
1554 656 1607 720 ¹),
1627 656 1843 722 leprosis
1863 657 1911 706 S.
1933 657 2106 705 Lazari
2126 658 2187 706 de
2202 658 2345 706 Jeru—

172 730 329 779 salem
358 731 583 795 dederat,
615 731 801 780 scilicet
819 732 864 780 X
883 731 1126 780 bisantios
1156 732 1217 780 de
1246 731 1528 780 redditibus
1556 744 1731 796 portae
1750 731 2047 780 Berritensis
2076 731 2342 780 annuatim

174 803 514 870 recipiendos,
545 804 714 869 sigillo
743 805 1028 855 confirmat.
1064 835 1135 841 —
1169 804 1493 869 R(ainaldus)
1515 805 1576 853 de
1597 804 1826 868 Mimars,
1846 806 2078 854 Thomas
2097 806 2158 854 de
2180 806 2342 867 Retel,

173 878 841 943 GirardusLiece,Clemens
857 880 917 928 de
935 881 1158 943 Gibelin,
1175 879 1499 929 Baldouinus
1514 879 1576 928 de
1593 879 1814 942 Gibelin,
1829 879 2274 944 HenricusPingre
2285 879 2344 941 2),

171 951 483 1003 Guillelmus
501 953 686 1003 Arneis
716 953 977 1016 (Archives
1007 955 1070 1003 de
1099 954 1319 1003 l'Orient
1346 953 1471 1002 latin
1499 954 1538 1002 ΙΙ
1566 955 1622 1019 B,
1653 970 1702 1019 p.
1744 971 1856 1018 150,
1888 954 1987 1003 No.
2023 954 2121 1019 33).
2231 951 2343 1000 977

299 1037 327 1093 ¹)
361 1037 434 1082 Cf.
459 1053 600 1096 supra
625 1039 714 1083 No.
743 1054 839 1097 395.
967 1040 998 1095 2)
1032 1039 1185 1083 Alias:
1209 1038 1457 1097 Lepingre.

309 1161 340 1187 „
418 1124 535 1189 Jul.,
566 1124 820 1175 ind.XIV.
852 1127 1007 1192 Apud
1040 1126 1089 1175 S.
1112 1125 1401 1175 Miniatum.
1422 1154 1493 1160 -—
1514 1125 1802 1175 Fridericus
1822 1125 1859 1173 II
1879 1125 2153 1191 imperator
2172 1125 2346 1174 fideles

172 1198 316 1263 regni
346 1198 808 1266 Hierosolymitani
837 1199 1005 1265 sigillo
1034 1201 1268 1266 apposito
1298 1200 1535 1250 certiores
1565 1200 1692 1263 facit,
1721 1217 1789 1263 se,
1811 1216 1974 1264 quum
1995 1200 2343 1263 Hermannus,

171 1273 410 1338 magister
425 1274 1087 1337 domusTheutonicorum,
1104 1276 1241 1324 bona
1257 1275 1525 1340 quondam
1540 1274 1741 1323 comitis
1755 1274 1778 1323 J
1783 1274 1992 1323 oscelini
2009 1275 2068 1322 ab
2085 1273 2276 1322 Ottone
2294 1269 2346 1339 l),

170 1347 359 1397 comite
399 1348 461 1397 de
500 1348 865 1413 Ennenberch,
906 1349 1131 1397 Beatrice
1177 1366 1333 1398 uxore
1374 1361 1421 1397 et
1450 1349 1641 1398 Ottone
1681 1348 1788 1398 filio
1829 1361 1999 1414 empta
2038 1348 2343 1413 acquisierit,

169 1423 417 1472 Jacobum
458 1422 522 1471 de
568 1423 866 1489 Amygdala,
902 1422 1065 1472 filium
1097 1424 1366 1488 quondam
1395 1423 1457 1473 G.
1489 1422 1706 1487 junioris
1735 1422 1865 1472 filiae
1894 1422 2132 1472 Joscelini
2162 1439 2345 1471 secun-

171 1497 298 1546 dum
341 1497 774 1546 consuetudinem
816 1498 960 1562 regni
1000 1498 1457 1564 Hierosolymitani
1488 1498 1549 1546 de
1585 1497 1839 1563 portione,
1870 1514 2001 1562 quae
2042 1496 2210 1563 ipsum
2252 1512 2345 1563 pro

173 1584 311 1637 parte
351 1571 525 1620 matris
567 1571 854 1636 contigerit,
898 1571 1209 1621 investivisse
1239 1585 1286 1621 et
1314 1573 1541 1621 eundem
1578 1573 1827 1621 Jacobum
1868 1572 2171 1637 magistrum
2211 1588 2344 1620 asse—

175 1661 393 1711 curasse,
423 1646 553 1695 sicut
571 1662 665 1712 pro
686 1659 824 1711 parte
844 1646 1015 1695 matris
1034 1663 1155 1695 suae
1173 1647 1454 1695 Beatricem
1473 1646 1873 1712 primogenitam
1893 1645 2093 1695 comitis
2112 1645 2346 1695 debuerit

174 1736 479 1784 assecurare,
521 1721 583 1769 de
613 1719 759 1784 cujus
789 1720 1086 1770 venditione
1115 1722 1302 1770 domus
1336 1722 1516 1770 eadem
1555 1722 1691 1770 bona
1719 1720 2025 1787 possidebat,
2066 1736 2122 1769 ac
2150 1720 2345 1786 promi-

172 1794 312 1859 sisse,
356 1807 412 1844 ut
444 1794 611 1844 eidem
652 1795 832 1844 domui
873 1795 1009 1844 illam
1049 1795 1297 1861 pecuniae
1337 1795 1673 1860 quantitatem
1714 1795 2012 1859 restitueret,
2054 1811 2211 1859 quam
2251 1811 2345 1860 pro

174 1868 474 1918 redimenda
492 1870 671 1918 eadem
690 1882 828 1935 parte
848 1869 1018 1935 ipsum
1040 1870 1371 1935 contingente
1392 1870 1594 1919 dudum
1613 1886 1702 1935 per
1716 1870 1983 1934 quondam
2003 1868 2344 1920 Guillelmum

170 1943 232 1992 de
276 1944 563 2010 Amygdala
607 1956 801 2010 patrem
847 1944 1068 2008 obligata
1113 1944 1446 1993 creditoribus
1484 1944 1589 1993 suis
1628 1943 1913 1993 exsolverit.
1943 1972 2014 1979 ——
2054 1943 2344 2006 G(eroldus)

171 2018 584 2082 («Wernerus»),
614 2018 895 2085 patriarcha
924 2018 1445 2085 HierosolymitanuS,
1464 2019 1699 2082 Jacobus,
1719 2019 1992 2085 episcopus
2011 2018 2343 2081 Acconensis,

169 2092 428 2157 BalianUS,
458 2092 705 2142 dominus
737 2093 977 2160 SydoniS,
1020 2092 1203 2142 Daniel
1233 2094 1294 2142 de
1322 2093 1780 2159 Tenderemunde,
1821 2094 2083 2142 Johannes
2111 2093 2342 2155 PisanuS,

169 2166 437 2216 Goffridus
457 2167 519 2216 de
538 2167 783 2231 Williers,
804 2168 981 2218 Guido
1012 2169 1073 2217 de
1103 2168 1289 2217 Nubie.
1321 2169 1510 2217 Datum
1538 2184 1628 2234 per
1647 2184 1859 2217 manum
1892 2167 2151 2234 Symonis,
2181 2167 2345 2215 archi-—-

171 2241 399 2308 episcopi
441 2241 708 2308 Tyriensis
753 2255 800 2291 et
842 2243 987 2308 regni
1031 2242 1488 2309 Hierosolymitani
1532 2241 1814 2291 cancellarii
1860 2242 1942 2305 (H.
1983 2241 2245 2291 Bre'holles
2287 2242 2342 2303 ΙΙ,

170 2331 217 2382 p.
248 2316 588 2378 671—6723
643 2317 874 2381 Hennes,
920 2317 1051 2366 Cod.
1084 2317 1297 2382 diplom.
1328 2317 1383 2378 II,
1425 2334 1473 2383 p.
1510 2318 1762 2381 28—29,
1806 2318 1905 2366 No.
1945 2333 2038 2381 252
2094 2315 2344 2379 Strehlke,

168 2406 215 2457 p.
244 2406 333 2456 49,
363 2391 463 2440 No,
496 2391 592 2453 603
624 2391 686 2440 cf.
718 2408 766 2457 p.
808 2408 932 2456 1253
977 2391 1423 2455 ssohmer-Ficker,
1454 2391 1554 2440 No.
1595 2392 1764 2453 1668).
2229 2388 2345 2438 978

294 2473 325 2529 ¹)
359 2472 431 2518 Cf.
457 2488 599 2532 supra
623 2474 714 2518 No.
739 2490 837 2535 933.

248 2557 395 2608 1227
421 2559 454 2624 1)
473 2561 581 2610 Jan.
604 2559 830 2625 (gallice).
860 2591 918 2595 —
941 2561 1282 2610 Boemundus
1298 2561 1379 2623 IV,
1397 2561 1635 2628 princeps
1650 2561 1955 2610 Antiochiae
1975 2574 2021 2610 et
2039 2577 2211 2610 comes
2228 2561 2344 2610 Tri—

168 2634 445 2701 politanuS,
477 2635 659 2685 domui
695 2636 1149 2685 Theutonicorum
1190 2634 1404 2700 ejusque
1445 2636 1686 2700 magistro
1727 2637 2031 2685 Hermanno
2061 2637 2343 2700 (Hermant)

168 2709 549 2773 molendinum,
581 2711 725 2775 quod
754 2723 890 2759 extra
917 2709 1246 2759 Antiochiam
1275 2711 1337 2759 acl
1366 2710 1529 2776 ripam
1558 2710 1789 2760 fluminis
1818 2711 1914 2759 Fer
1941 2712 2115 2760 subter
2143 2711 2343 2759 molen-

169 2782 294 2833 dino
323 2783 634 2850 patriarchae
672 2784 827 2834 situm
869 2798 957 2849 est,
1001 2801 1119 2834 cum
1160 2784 1309 2834 vinea
1348 2784 1626 2849 adjacente,
1668 2785 1918 2851 pressoria
1951 2799 1998 2834 et
2028 2785 2344 2851 pertinentiis

169 2858 407 2907 concedit
434 2873 482 2908 et
509 2857 677 2923 sigillo
719 2859 1005 2909 confirmat.
1035 2887 1107 2894 ——
1134 2860 1406 2923 Boemont,
1447 2859 1570 2908 sires
1599 2859 1681 2909 del
1708 2861 1970 2923 Botron,²)
2016 2860 2253 2910 Guiscart
2282 2861 2344 2908 de

167 2932 316 2996 l'Isle,
357 2933 566 2982 Bertran
595 2934 840 2999 Porcelet,
882 2933 1096 2983 Amauri
1126 2934 1380 2999 Saleman,
1423 2933 1589 2983 Pierre
1620 2934 1681 2983 de
1711 2934 2037 2998 Scandalion,
2081 2935 2343 2983 Raimund

167 3009 312 3071 Arra,
358 3008 581 3056 Manssel
611 3008 673 3057 de
703 3008 870 3074 Gibel,
912 3007 1107 3058 Auberi
1146 3008 1207 3056 de
1250 3008 1580 3074 Ranquerole
1621 3009 1887 3073 (Strehlke,
1918 3026 1966 3075 p.
2003 3027 2083 3075 50,
2113 3010 2213 3059 No,
2246 3010 2341 3064 61:

167 3081 228 3130 cf.
260 3097 307 3148 p.
347 3081 479 3145 126).
2229 3081 2344 3130 979

297 3167 330 3221 ¹)
363 3164 599 3223 Intelligas
631 3165 753 3210 1228.
880 3168 912 3224 2)
948 3167 1020 3211 Cf.
1046 3167 1250 3223 Eraclcs,
1274 3182 1316 3225 p.
1339 3182 1441 3227 430.

304 3288 336 3314 „
416 3252 582 3316 Mart.,
614 3253 718 3302 ind.
740 3254 851 3304 XV.
882 3254 1099 3320 Tripoli.
1130 3283 1201 3288 —
1230 3254 1516 3319 Richerius,
1548 3255 1820 3321 episcopus
1851 3254 2148 3317 Meltiensis,
2182 3255 2344 3320 impc-

168 3324 302 3374 rialis
331 3326 474 3375 aulae
504 3326 762 3376 familiaris
792 3341 839 3377 et
875 3329 1090 3377 nuntius
1131 3329 1191 3377 dc
1234 3329 1477 3378 mandato
1519 3329 1758 3378 Friderici
1804 3330 1842 3378 II
1885 3329 2204 3395 imperatoris
2249 3346 2341 3394 pro

168 3399 388 3463 negotiis
427 3402 720 3451 exercendis
748 3403 950 3468 Tripoli
994 3403 1354 3465 constitutus1)
1383 3403 1548 3467 sigillo
1580 3404 1866 3467 confirmat,
1908 3406 1969 3452 ad
2014 3422 2064 3452 sc
2114 3404 2342 3456 Mariam.

168 3474 378 3523 viduam
398 3474 600 3525 Girardi
630 3476 691 3525 de
721 3477 900 3541 Hanis,
933 3491 1146 3526 matrem
1166 3477 1420 3541 Thomae,
1452 3478 2127 3544 comestabuli'l'ripoli1ani,
2147 3479 2342 3526 venisse

170 3560 218 3597 et
246 3564 418 3597 coram
462 3566 514 3598 se
557 3549 669 3616 ipso
712 3551 951 3600 Thomae
996 3550 1290 3614 contulisse,
1338 3553 1694 3618 quodcunque
1741 3551 1818 3615 jus
1863 3552 2083 3601 dotalicii
2131 3553 2342 3600 nominc

169 3622 385 3671 habebat
414 3622 467 3672 in
495 3635 623 3673 terra
653 3637 700 3674 et
730 3626 903 3689 feudo,
935 3627 1077 3690 quod
1117 3626 1252 3675 idem
1282 3626 1529 3676 Girardus
1560 3627 1610 3676 in
1640 3627 1782 3676 terris
1810 3628 2070 3691 gallicanis
2101 3627 2342 3692 possedit.

170 3696 309 3746 unde
338 3696 500 3746 homo
529 3699 661 3763 regis
690 3700 882 3749 Galliae
914 3700 1073 3749 factus
1105 3700 1282 3750 fuerat.
1312 3729 1383 3734 -—
1414 3702 1699 3764 Richerius,
1742 3701 2016 3767 episcopus
2049 3701 2342 3754 Mellicnsis.

171 3770 442 3836 RogeriuS,
484 3773 764 3823 canonicus
806 3774 1103 3838 Meltiensis,
1144 3775 1405 3840 Nicolaus,
1448 3776 1674 3842 episcopi
1718 3775 1996 3825 Mellicnsis
2031 3775 2341 3841 capellanus.

295 3879 328 3933 ¹)
361 3852 717 3934 Winkclmann,
741 3878 979 3923 Friedrich
1007 3880 1055 3931 ll,
1079 3879 1110 3934 l,
1135 3894 1176 3936 p.
1203 3895 1303 3937 242,
1328 3882 1424 3938 240.

259 3964 292 3999 R
307 3967 329 4000 ὃ
344 3965 369 4000 h
383 3977 400 4001 r
413 3966 423 4001 i
437 3977 456 4001 c
471 3966 494 4001 l1
510 3972 534 4010 t,
571 3966 745 4011 Reges-ta.
2003 3985 2047 4030 17
