2684 4244
960 169 1093 231 regni
1115 166 1551 231 Hierosolymitani.
2240 190 2265 223 2
2277 192 2302 223 2
2315 186 2338 233 ,ζ

172 358 408 407 Michaeli
430 358 465 421 3)
496 358 775 407 fundacum
799 357 1133 406 Alexandriae
1155 372 1360 405 necnon
1390 355 1710 403 securitatem
1743 354 1792 402 in
1823 367 1949 402 terra
1970 354 2188 419 Aegypti
2219 371 2342 402 con-

167 432 299 481 cedit
327 445 373 481 et
401 432 685 481 confirmat.
706 459 777 466 ——
797 432 1053 495 Scriptum
1076 431 1190 479 XIX
1210 431 1376 479 Saben
1398 429 1588 477 mensis
1610 429 1791 477 Martii.
1826 428 2088 489 Vivianus,
2111 428 2342 493 scriptor,

169 506 398 556 notarius
428 519 475 555 et
504 505 656 569 judex
686 505 817 569 legit,
858 505 1160 571 exemplavit
1188 521 1243 553 ac
1272 502 1568 568 subscripsit
1597 503 1757 565 (Tafel
1774 503 2031 550 -Thomas
2061 503 2115 564 Il,
2158 519 2205 567 p.
2248 503 2339 566 185

166 582 364 643 —187,
380 581 523 629 No
500 597 619 645 2433
643 581 717 629 De
737 582 847 629 Mas
863 581 1044 643 L‘ttrie,
1061 580 1260 628 Traite's
1276 579 1337 627 de
1362 577 1493 644 paix,
1518 576 1688 643 suppl.
1709 593 1994 642 p.70*†72,
2017 577 2113 625 No.
2143 576 2199 639 1).
2231 574 2345 623 830

170 696 335 739 datum
359 692 624 752 rejecerunt
648 704 708 746 et,
733 693 801 737 ch
795 704 943 737 amm
969 704 1183 737 nostram
1209 707 1318 736 cum
1345 691 1492 735 tlibus
1517 690 1826 748 sequentibus
1851 706 1877 741 9
1900 691 2036 733 Mart.
2069 689 2176 732 1208
2200 705 2224 732 a
2249 690 2344 732 sol-

171 754 298 798 dano
324 767 605 798 concessam
630 752 788 809 fuisse,
811 752 1197 796 verisimillimum
1224 765 1328 796 esse
1353 760 1655 795 censuerunt.
1808 754 1844 804 3)
1879 750 1950 793 l)e
1977 748 2148 806 quibus
2173 749 2345 792 nuntiis

167 813 226 857 cf.
253 814 523 869 Hanotaux,
547 828 589 871 p.
610 827 800 871 93—95.

244 903 457 969 (1208?
486 906 632 954 Mart.
666 901 736 970 9).
766 932 838 937 —
867 904 1080 953 Amicus
1110 904 1171 952 de
1202 901 1545 952 Mirmomuni
1587 901 1833 950 omnibus
1873 899 2055 963 bajulis
2085 913 2133 949 et
2162 901 2345 966 capita—

169 979 278 1028 neis
307 978 553 1028 exercitus
589 978 668 1027 sui
703 978 756 1027 in
786 979 941 1027 classe
982 977 1241 1027 constituti
1282 977 1505 1039 mandat,
1548 989 1603 1025 ut
1631 976 1858 1025 Venetos
1899 974 2261 1023 Alexandriam
2303 989 2347 1023 et

170 1070 288 1103 cum
330 1053 511 1102 iisdem
554 1053 853 1119 peregrinos
894 1053 943 1101 S.
976 1052 1320 1117 Sepulchrum
1352 1051 1580 1099 adituros
1608 1061 1877 1116 protegant
1906 1065 1961 1097 ac
1990 1062 2247 1098 tueantur.
2277 1077 2348 1083 -—-

170 1128 418 1179 Vivianus
437 1140 528 1176 etc.
551 1141 776 1192 utsupra
795 1128 894 1176 No.
916 1128 1019 1191 830
1037 1126 1463 1188 (Tafel-Thomas
1482 1124 1537 1188 ΙΙ,
1556 1141 1602 1190 p.
1628 1124 2043 1186 187—188,N0.
2064 1123 2202 1187 244).
2234 1122 2341 1170 831

244 1216 260 1280 (
328 1253 357 1278 „
423 1216 443 1264 Ρ
474 1211 619 1265 Mart.
643 1214 711 1279 9).
742 1247 796 1252 —
822 1216 959 1264 Idem
990 1216 1236 1264 soldanus
1267 1213 1427 1262 bailiis
1456 1227 1502 1262 et
1528 1213 1751 1261 amiratis
1771 1212 2108 1261 Alexandriae
2128 1224 2175 1260 et
2193 1211 2349 1259 totius

172 1290 411 1358 Aegypti,
443 1304 496 1340 ut
526 1291 751 1340 Venetos
781 1306 970 1338 merces
1001 1290 1191 1338 ibidem
1222 1302 1450 1337 ementes
1480 1302 1526 1336 et
1554 1288 1834 1336 vendentes
1864 1287 2173 1349 custodiant,
2205 1302 2347 1351 prae—

173 1366 308 1432 cipit.
340 1393 411 1400 —-
442 1364 687 1414 Vivianus
717 1378 809 1412 etc.
842 1364 1269 1426 (Tafel-Thomas
1298 1363 1354 1426 ΙΙ,
1387 1379 1434 1428 p.
1476 1363 1776 1426 ι88-ι89,
1808 1363 1907 1410 No.
1942 1362 2079 1425 245).
2235 1358 2349 1407 832

244 1455 262 1519 (
327 1491 357 1516 ,‚
424 1453 444 1501 ?
463 1455 608 1503 Mart
625 1453 693 1518 9).
699 1454 918 1502 —ldem
940 1453 1187 1502 soldanus
1205 1453 1410 1502 Venetis
1422 1452 1758 1501 Alexandriae
1778 1451 2064 1501 constitutis
2081 1451 2349 1499 fundicum

173 1528 454 1594 Soguediki
482 1528 511 1592 ¹)
541 1545 597 1576 ac
626 1541 923 1593 potestatem
966 1528 1157 1576 ibidem
1199 1527 1511 1576 habitantem
1553 1527 1789 1576 concedit
1822 1539 1869 1575 et
1899 1526 2121 1575 Mirum
2115 1526 2149 1588 ἐ)
2181 1525 2350 1574 Faidi—

171 1604 355 1653 dinum
375 1603 411 1666 3)
440 1602 561 1652 huic
579 1616 848 1669 praecepto
877 1602 1158 1651 satisfacere
1189 1600 1343 1664 jubet.
1364 1630 1435 1635 —
1458 1602 1584 1651 Vivi
1575 1618 1704 1651 tnus
1733 1614 1823 1650 etc.
1857 1614 1911 1649 ut
1939 1617 2080 1666 supr
2067 1618 2093 1648 a
2123 1601 2221 1649 ΝΟ
2246 1601 2308 1663 82
2319 1616 2350 1648 o

172 1678 361 1741 (Tafel-
365 1678 598 1727 Thomas
627 1677 682 1741 ΙΙ,
714 1694 761 1742 p.
804 1679 917 1740 189,
949 1677 1048 1726 No.
1084 1676 1220 1741 246).
2235 1672 2350 1720 833

299 1761 328 1818 ¹)
362 1760 667 1826 Suqueddik,
690 1759 735 1803 id
761 1770 830 1804 est
857 1759 1046 1803 «forum
1066 1759 1216 1818 galli».
1314 1762 1350 1814 2)
1383 1759 1665 1802 Amiratum.
1761 1762 1797 1814 3)
1831 1757 1942 1802 Faid
1969 1758 2144 1802 adffldin
2170 1759 2334 1801 «abun

174 1820 331 1864 dantia
355 1834 607 1878 regloms»,
630 1834 812 1864 nomen
836 1820 998 1863 tarius.

248 1916 266 1980 (
331 1954 361 1979 ,‚
428 1914 467 1979 ?)
500 1914 615 1979 Maj.
642 1932 687 1980 3.
708 1916 1004 1964 ——Emelec
1032 1915 1179 1978 Adel,
1211 1914 1457 1963 soldanus
1477 1913 1714 1979 Aegypti,
1745 1912 1940 1962 Pisanis
1969 1913 2020 1961 in
2051 1925 2159 1962 toto
2189 1928 2350 1976 regno

176 2008 273 2040 suo
313 1989 634 2039 securitatem
664 2006 720 2038 ac
748 1990 969 2039 liberum
1011 1988 1379 2038 commercium
1422 1988 1658 2037 concedit
1698 2001 1744 2036 et
1784 1987 2055 2036 confirmat
2095 1987 2349 2050 (Amari,l

175 2065 392 2131 diplomi
422 2065 575 2128 arabi,
607 2081 654 2130 p.
689 2066 810 2129 283,
842 2065 940 2113 No.
976 2080 1068 2125 223
1114 2064 1174 2112 cf.
1208 2080 1254 2129 p.
1285 2063 1427 2127 467).
2236 2059 2352 2108 834

249 2155 266 2219 (
333 2193 362 2217 ,‚
428 2153 448 2202 ?
478 2154 595 2219 Maj.
602 2154 619 2217 )
649 2155 859 2218 (italice).
900 2183 972 2188 —
1008 2155 1082 2202 Re
1112 2153 1376 2219 compiuto
1418 2152 1593 2214 (Malik
1621 2151 1913 2214 al-Kssmel)
1956 2151 2168 2200 nomine
2200 2151 2352 2217 patris

175 2229 374 2279 soldani
419 2229 638 2312 Aegypti
692 2230 994 2279 consulibus
1040 2228 1360 2289 pisanorum,
1416 2243 1469 2275 se
1524 2243 1704 2275 eorum
1760 2227 1985 2290 legatum
2041 2227 2350 2275 Ma1zuccho

175 2304 399 2367 benigne
416 2304 662 2369 recepisse
682 2318 729 2353 et
733 2320 852 2369 qu
838 2321 894 2352 te
915 2303 1104 2369 petivit,
1122 2302 1400 2367 rtd1mple1e
1418 2302 1561 2364 velle
1578 2300 1741 2350 confit
1747 2313 1849 2349 mat
1869 2300 2079 2363 (Amati
2100 2300 2350 2366 ldiplomi

176 2378 329 2441 arabi,
360 2395 408 2444 p.
445 2379 566 2440 282,
607 2379 708 2428 No.
742 2395 799 2428 21
841 2376 918 2442 [cf.
950 2394 998 2443 p.
1029 2374 1369 2442 465—466];
1418 2375 1648 2440 Pagnini,
1680 2375 1824 2424 Della
1855 2375 2051 2424 decima
2082 2375 2136 2436 ΙΙ,
2169 2391 2215 2440 p.
2252 2391 2348 2429 20<

176 2466 386 2517 ——2043
431 2452 491 2501 cf.
521 2452 745 2502 Fanucci
775 2453 830 2515 ΙΙ,
861 2469 909 2518 p.
944 2454 1187 2515 88—903
1234 2451 1382 2516 Heyd
1412 2451 1445 2514 Ι,
1476 2467 1524 2516 p.
1554 2450 1695 2515 412).
2238 2447 2350 2495 835

252 2540 269 2603 (
335 2576 365 2601 ,,
431 2538 470 2604 Ρ)
515 2540 761 2602 (arabice).
807 2568 878 2574 ——
923 2540 1234 2604 Complures
1279 2551 1586 2587 mercatores
1631 2537 1798 2586 Pisani
1843 2551 1888 2586 et
1933 2537 2218 2600 Venetiani,
2263 2537 2351 2601 qui

179 2615 405 2663 Barutho
435 2615 668 2680 Cyprum
701 2615 883 2663 exinde
914 2613 1273 2662 Alexandriam
1316 2612 1515 2678 appulsi
1555 2628 1646 2677 per
1684 2629 1879 2660 annum
1916 2612 2093 2661 retenti
2126 2613 2351 2665 fuerunt.

178 2689 455 2738 soldanum
477 2689 640 2737 Malec
660 2688 868 2737 al-Adel
899 2688 1134 2754 precibus
1163 2688 1371 2750 adeunt,
1402 2700 1456 2735 ut
1484 2686 1577 2735 sibi
1605 2687 1827 2735 liberum
1857 2687 2075 2735 reditum
2107 2686 2352 2734 concedat

178 2763 386 2826 (Amari,
417 2763 433 2811 Ι
462 2763 679 2829 diplomi
709 2763 861 2826 arabi,
894 2780 941 2828 p.
975 2779 1207 2824 70—-71,
1238 2762 1337 2810 No.
1373 2777 1465 2825 233
1510 2761 1570 2809 cf.
1601 2761 1928 2826 409—410).
2238 2759 2353 2806 836

282 2851 430 2900 1209
461 2854 607 2902 Mart.
645 2870 688 2917 5.
732 2852 983 2901 Laterani.
1016 2881 1083 2886 ——
1115 2850 1446 2899 Innocentius
1466 2850 1521 2898 ΙΙΙ
1553 2849 1815 2913 (Alberto),
1838 2850 2145 2916 patriarchae
2168 2849 2351 2898 Hiero-

178 2926 508 2994 solymitano,
550 2927 695 2976 Sedis
735 2927 1060 2992 Apostolicae
1101 2927 1283 2989 legato,
1326 2924 1590 2989 significat,
1633 2942 1683 2973 se
1715 2926 1949 2990 precibus
1980 2924 2351 2973 canonicorum

179 3002 645 3065 Antiochenorum,
666 3001 754 3066 qui
775 3001 1032 3064 (Petrum),
1053 3000 1356 3066 episcopum
1378 2998 1738 3065 Yporiensem,
1759 2999 1852 3047 sibi
1874 2999 2207 3064 patriarcham
2225 2999 2350 3064 peti--

177 3088 367 3139 verant,
383 3076 415 3139 ¹)
443 3076 728 3140 indulgere,
749 3090 796 3125 et
816 3076 1039 3137 mandat,
1071 3088 1124 3123 ut
1153 3090 1325 3137 regem
1347 3073 1620 3122 Armeniae
1639 3090 1694 3122 ac
1716 3074 1887 3122 fratres
1906 3074 2112 3138 Templi
2146 3089 2351 3121 necnon

179 3150 422 3198 comitem
450 3150 838 3216 Tripolitanum
868 3163 915 3198 et
944 3150 1136 3198 dictum
1167 3165 1336 3211 regem
1379 3147 1614 3197 conciliet
1654 3161 1701 3197 et
1742 3148 1969 3196 eundem
2009 3148 2243 3209 adducat,
2287 3161 2352 3201 ut.

180 3240 310 3289 quae
352 3224 586 3272 fratribus
614 3225 819 3290 Templi
861 3224 1148 3284 abstulerat,
1192 3223 1384 3285 reddat,
1426 3223 1651 3287 denique
1693 3222 1909 3284 nuntiat,
1951 3240 2002 3270 se
2034 3222 2083 3269 in
2116 3222 2352 3287 proximo

182 3314 287 3347 non
329 3299 585 3347 modicam
627 3299 899 3364 pecuniam
941 3298 1033 3362 ipsi
1076 3314 1130 3345 ac
1172 3297 1406 3346 fratribus
1445 3296 1653 3362 Templi
1695 3311 1740 3345 et
1782 3296 2060 3362 Hospitalis
2101 3296 2351 3344 destinare

181 3372 383 3434 (Baluze
413 3372 466 3435 ΙΙ,
499 3390 546 3438 p.
582 3390 908 3438 302—303,
947 3373 1045 3420 No.
1080 3374 1136 3431 8;
1184 3371 1357 3434 Migne
1388 3372 1461 3433 ΙΙΙ,
1505 3388 1551 3437 p.
1594 3374 1738 3419 18-—
1766 3389 1841 3434 ιι),
1873 3372 1971 3419 No.
2006 3374 2062 3427 8ς
2111 3371 2351 3422 l‘ottliast,

180 3446 279 3495 No.
315 3446 487 3511 3685).
2237 3442 2347 3490 837

306 3533 338 3586 ¹)
371 3531 521 3574 Antea
547 3532 693 3574 abbas
719 3532 775 3575 de
801 3530 1012 3574 Lucedio
1038 3528 1114 3579 (cs.
1140 3544 1280 3586 supra
1306 3530 1395 3572 No.
1420 3531 1527 3583 802)
1553 3540 1763 3573 vocatus.

331 3660 360 3685 ‚,
438 3624 553 3673 Jun.
585 3641 634 3688 4.
678 3624 908 3673 Viterbii.
938 3651 1009 3657 -ψ
1039 3623 1367 3671 Innocentius
1399 3624 1452 3671 ΙΙΙ
1485 3623 1731 3684 (Leonem
1765 3623 1834 3683 ll),
1867 3638 2036 3684 regem
2062 3621 2351 3672 Armeniae.

183 3711 360 3746 monet
388 3710 436 3746 et
464 3698 711 3761 hortatur,
756 3712 808 3747 ut
850 3715 966 3747 cum
1010 3696 1193 3744 comite
1223 3697 1547 3763 'l'ripolitano
1590 3711 1819 3758 treugam
1864 3697 1995 3744 ineat
2026 3709 2070 3743 et
2101 3697 2350 3743 observet.

183 3772 289 3820 Rex
319 3772 459 3820 enim
488 3788 577 3838 per
604 3773 804 3835 litteras,
847 3773 1063 3822 electum
1095 3770 1402 3820 'l‘arsensem
1434 3785 1479 3819 et
1512 3772 1710 3820 fratrem
1742 3770 2131 3818 'l'lieutonicnm
2176 3783 2350 3833 postn-

184 3846 383 3937 laverat,
402 3846 517 3908 ¹)ut
545 3861 659 3895 ante
691 3847 785 3895 litis
828 3847 1112 3910 ingressum
1156 3846 1346 3909 absque
1391 3845 1579 3906 judicio
1622 3844 1793 3909 nepoti
1836 3862 1931 3891 sno
1964 3843 2234 3891 Antiochia
2267 3860 2353 3907 per

309 3963 339 4015 ¹)
374 3959 686 4003 Garnetium‘?
711 3959 801 4015 (tjlt
826 3973 949 4016 supr:
943 3974 964 4001 ι
994 3959 1080 4000 No.
1106 3958 1207 4007 812
1233 3968 1328 4001 not.
1356 3961 1410 4009 2)
