2684 4244
979 150 1111 208 regni
1133 151 1568 210 Hierosolymitani.
2304 166 2360 211 97

270 314 414 364 1277
448 319 578 382 Aug.
617 318 691 366 18.
720 321 899 365 Accon
938 318 1032 366 sub
1075 317 1212 383 logia
1241 318 1579 379 Venetorum,
1622 336 1754 384 quae
1799 333 1873 368 est
1917 319 2050 383 juxta
2095 321 2359 370 ecclesiam

189 390 238 440 S.
266 390 520 440 Matthaei.
548 417 619 424 -—
647 391 890 440 Tartarus
920 390 1230 451 UsusmariS,
1259 393 1473 441 nuntius
1503 393 1693 458 Ugueti
1723 394 1783 442 de
1814 395 2100 459 RaynaldO,
2133 396 2359 446 consulis

187 463 524 514 Januensium
553 466 954 526 Acconensium,
985 467 1046 512 ab
1076 464 1286 514 Alberto
1316 467 1622 529 Morresino,
1653 466 1826 531 bajulo
1847 469 2167 517 Venetorum
2195 475 2359 518 Acco-

187 537 444 601 nensium,
477 538 716 603 postulat,
758 551 814 587 ut
853 540 1038 587 domos
1078 539 1322 602 restituat,
1350 556 1476 605 quas
1503 541 1685 590 Veneti
1727 543 1994 591 communi
2021 543 2360 592 Januensium

186 625 435 677 ceperant,
474 612 660 661 scilicet
699 612 883 662 domos
926 627 1122 674 omnes,
1168 630 1300 677 quae
1345 613 1552 664 fuerunt
1592 615 1813 664 Rolandi
1859 617 1920 665 de
1949 617 2087 665 Luca
2116 617 2285 665 militis
2314 631 2359 666 et

185 684 382 751 Heloys
422 685 604 752 jugalis
652 686 871 752 »positas
914 685 966 733 in
1011 702 1135 750 ruga
1180 700 1384 737 catenae
1428 702 1474 737 et
1517 705 1648 754 quae
1693 692 2004 755 protendunt
2042 707 2131 739 seu
2174 704 2360 740 exeunt

185 775 339 824 super
365 776 575 809 murum
617 760 670 809 in
714 776 867 821 mare,
913 760 1104 824 quibus
1148 761 1390 811 domibus
1435 763 1675 812 cohaeret
1717 766 1779 812 ab
1822 780 1925 813 una
1953 778 2089 829 parte
2118 766 2360 814 deversus

185 847 430 897 catenam,
473 834 656 883 domos
700 833 749 884 S.
793 833 1013 895 Sabbati,
1060 835 1300 884 deversus
1343 835 1393 885 S.
1435 837 1754 887 Demetrium
1797 838 1984 887 domos
2031 839 2207 904 templi
2247 853 2294 887 et
2333 856 2359 888 a

184 922 363 973 quarta
389 920 528 974 parte
566 908 782 957 tendunt
820 909 978 958 dictas
1021 908 1206 957 domos
1249 926 1368 959 cum
1413 910 1549 976 logia
1593 927 1681 976 per
1722 928 1904 974 rugam
1934 925 2139 961 catenae
2187 925 2234 961 et
2273 930 2360 978 per

183 997 364 1047 rugam
394 982 552 1048 Cypri
582 998 747 1046 usque
787 983 850 1031 ad
890 981 1087 1031 tertiam
1128 999 1325 1046 rugam,
1368 1001 1501 1049 quae
1546 985 1810 1034 descendit
1848 986 1899 1035 in
1942 987 2069 1035 mari
2099 1000 2356 1046 catenae«,

182 1072 339 1122 porro
367 1057 602 1119 domum,
638 1072 802 1121 »quae
832 1056 924 1105 fuit
965 1057 1105 1122 Joye,
1135 1056 1266 1106 filiae
1311 1057 1481 1122 Ogerii
1529 1059 1662 1108 Isaac
1707 1060 1994 1123 Januensis,
2038 1073 2085 1109 et
2113 1060 2359 1109 Gualterii

182 1130 361 1191 Lasne,
389 1130 551 1178 mariti
585 1130 754 1181 ¹dictae
782 1132 922 1197 Joye,
946 1131 1183 1195 ,positam
1226 1132 1278 1180 in
1321 1148 1448 1196 ruga
1476 1146 1699 1198 catenae,
1746 1134 1827 1183 cui
1872 1135 2109 1185 cohaeret
2137 1147 2251 1184 ante
2280 1135 2360 1184 via

181 1203 400 1270 publica,
436 1221 539 1268 qua
566 1204 666 1253 itur
693 1205 755 1253 ad
786 1218 1032 1267 catenam,
1060 1218 1192 1254 retro
1232 1222 1412 1255 murus
1458 1207 1672 1256 civitatis
1717 1221 1763 1257 et
1791 1224 1945 1270 mare,
1986 1211 2047 1257 ab
2087 1226 2191 1258 una
2221 1222 2358 1274 parte

181 1278 370 1327 domus
398 1277 617 1342 Salvagii
646 1292 692 1327 et
720 1281 782 1328 ab
812 1279 905 1328 alia
935 1291 1073 1345 parte
1103 1280 1345 1330 deversus
1375 1294 1606 1330 catenam
1635 1282 1825 1332 domus
1856 1282 2086 1346 ejusdem
2123 1284 2360 1348 Salvagii‚

179 1351 300 1401 item
328 1352 545 1401 domum
573 1368 750 1418 unam,
782 1369 939 1418 quam
971 1354 1217 1404 dominus
1238 1354 1536 1421 Raynaldus
1565 1356 1630 1405 de‘
1657 1356 1852 1421 Vichis,
1884 1357 2094 1406 humilis
2121 1358 2359 1420 magister

180 1425 368 1476 domus
398 1426 604 1476 militiae
632 1427 837 1493 Templi
867 1441 913 1477 et
942 1428 1114 1476 fratres
1144 1428 1302 1478 dictae
1332 1431 1520 1479 domus
1539 1430 1764 1480 vendidit
1782 1444 1828 1480 et
1845 1431 2186 1481 vendiderunt
2215 1448 2357 1481 com-

178 1500 327 1550 muni
354 1500 548 1550 Januie
576 1501 793 1567 positam
824 1502 875 1551 in
920 1518 1045 1566 ruga
1090 1516 1292 1552 catenae
1336 1508 1528 1563 Accon,
1581 1504 1662 1554 cui
1707 1505 1945 1554 cohaeret
1984 1507 2045 1554 ab
2087 1523 2190 1555 una
2217 1520 2357 1573 parte

178 1590 332 1637 mare,
359 1576 421 1624 ab
450 1575 544 1631 alia
563 1592 688 1641 ruga
704 1576 877 1642 Cypri,
906 1594 931 1625 a
960 1575 1102 1625 tertia
1132 1578 1321 1626 domus
1349 1579 1621 1643 quondam
1650 1580 1900 1629 Johannis
1930 1581 2195 1642 deyJudea,
2224 1597 2356 1646 quae

178 1664 318 1699 nunc
345 1661 418 1698 est
445 1649 740 1700 communis
760 1652 1092 1711 Venetorum,
1111 1670 1137 1700 a
1156 1665 1334 1716 quarta
1354 1653 1558 1716 domUS,
1578 1670 1711 1719 quae
1733 1654 1826 1703 fuit
1844 1654 2067 1704 Rolandi
2086 1656 2148 1704 de
2168 1656 2354 1719 Lucca,

178 1738 311 1788 quae
327 1740 465 1773 nunc
480 1737 552 1773 est
566 1725 860 1775 communis
875 1726 1113 1784 Januae,«
1139 1727 1325 1776 domos
1348 1727 1575 1792 denique
1600 1745 1751 1794 supra
1772 1728 1928 1777 dictas
1944 1728 2076 1793 1).—
2094 1730 2356 1779 Johannes

177 1797 341 1861 Bulla,
369 1799 591 1849 ssavarus
631 1800 693 1849 de
723 1800 868 1861 Mari,
910 1800 1119 1849 Manuel
1158 1801 1220 1849 de
1261 1801 1517 1865 Guisulfo,
1558 1800 1767 1851 Manuel
1798 1803 2053 1853 MatariUS.
2082 1803 2355 1854 Nicolinus

178 1870 392 1921 Rubeus
421 1874 482 1923 de
512 1873 700 1935 Predis,
725 1874 997 1940 imperialis
1040 1875 1185 1924 aulae
1212 1876 1441 1925 notarius
1469 1876 1663 1942 scripsit
1693 1875 1800 1939 (Ed.
1819 1877 2005 1942 Bigoni
2033 1877 2085 1927 in
2113 1877 2355 1928 Archivio

178 1945 365 1996 storico
391 1946 596 1997 italiano
634 1949 786 2012 1899,
815 1965 862 2014 p.
893 1950 1126 2014 63—64,
1155 1951 1256 1999 No.
1282 1950 1348 2014 4).
2189 1951 2356 2000 14130

334 2015 362 2072 ¹)
386 2015 457 2062 Cf.
483 2031 623 2075 supra
648 2017 739 2061 No.
772 2017 918 2077 1413b.

239 2106 406 2169 ,1278
432 2110 541 2160 Jan.
574 2127 654 2160 20.
682 2111 735 2161 In
763 2125 927 2161 castro
956 2112 1069 2162 Ovi.
1098 2141 1169 2147 —
1198 2113 1385 2162 Charta
1425 2113 1727 2162 nuntiorum
1758 2128 1804 2163 et
1831 2127 2222 2180 procuratorum
2255 2117 2353 2165 Βο-

176 2182 426 2233 hemundi
481 2184 581 2249 VII,
633 2185 874 2252 principis
927 2187 1239 2236 Antiocheni
1305 2200 1351 2236 et
1416 2188 1616 2236 comitis
1669 2189 1993 2254 Tripolitani,
2058 2190 2110 2239 in
2165 2191 2352 2242 Invent.

155 2249 227 2324 'p.
262 2273 561 2324 103—104,
592 2260 689 2308 No.
723 2263 853 2326 360;
901 2262 1032 2327 pacti
1076 2262 1259 2311 eodem
1303 2279 1437 2310 anno
1469 2278 1536 2325 24
1562 2262 1670 2356 Jan.
1699 2263 1888 2312 ibidem
1936 2263 2047 2312 facti
2077 2265 2270 2313 mentio
2299 2265 2353 2314 fit

175 2331 367 2381 ibidem
395 2350 443 2399 p.
479 2349 593 2398 104,
620 2334 871 2400 No.361.
2205 2338 2351 2387 1422

324 2460 355 2485 „
435 2426 566 2487 Aug.
595 2439 643 2488 4.
672 2428 866 2474 Accon.
894 2453 966 2459 —-
996 2425 1230 2474 Statuta
1219 2443 1269 2474 m
1298 2425 1518 2474 concilio
1546 2427 1770 2490 generali
1800 2426 1925 2475 facta
1956 2443 2044 2491 per
2072 2428 2352 2491 Hospitalis

175 2496 481 2563 magistrum
511 2496 784 2547 Nicolaum
816 2499 1018 2564 Lorgne
1048 2498 1125 2562 (D.
1155 2500 1288 2549 Cart.
1318 2500 1391 2559 III,
1423 2517 1469 2566 p.
1504 2502 1810 2565 368—370,
1841 2502 1938 2551 No.
1972 2501 2144 2566 3670).
2181 2501 2352 2550 14248

324 2623 352 2649 ,,
428 2584 563 2651 Sept.
597 2604 639 2652 5.
665 2615 736 2623 -
765 2589 1141 2638 Bohemundus
1172 2589 1272 2651 VII,
1314 2589 1547 2655 princeps
1587 2590 1909 2649 Antiochiae,
1949 2607 2066 2639 cum
2114 2592 2350 2642 fratribus

175 2657 394 2725 Templi,
424 2660 638 2710 Nicolao
667 2660 729 2710 de
758 2663 978 2727 Lorgne,
1008 2663 1286 2729 Hospitalis
1316 2663 1555 2727 magistro
1574 2676 1621 2712 et
1639 2665 1864 2730 Rogerio
1884 2665 1944 2713 de
1966 2664 2067 2714 San
2089 2665 2350 2729 Severino,

176 2732 358 2782 comite
385 2734 447 2783 de
475 2735 687 2785 Marsica
717 2749 764 2785 et
792 2735 980 2800 (Caroli
1008 2738 1041 2800 I)
1071 2736 1243 2801 bajulo
1273 2738 1416 2801 regni
1445 2738 1919 2804 Hierosolymitani,
1949 2739 2348 2789 intermedianti-

174 2807 286 2868 buS,
313 2810 551 2858 convenit
579 2811 639 2859 de
669 2811 981 2876 quibusdam
1011 2812 1380 2874 controversiiS,
1425 2827 1556 2876 quae
1586 2815 1715 2861 inter
1744 2813 1905 2862 dictos
1935 2814 2107 2863 fratres
2137 2828 2182 2862 et
2211 2815 2349 2878 prin-

175 2880 339 2947 cipem
391 2896 591 2934 exortae
645 2898 786 2934 erant
839 2886 916 2947 (D.
957 2886 1088 2936 Cart.
1133 2886 1206 2949 III,
1261 2902 1307 2951 p.
1354 2903 1473 2951 371,
1529 2887 1626 2935 No.
1676 2889 1842 2952 36723
1899 2888 2090 2939 Invent.
2134 2906 2178 2954 p.
2234 2905 2346 2953 104,

174 2954 272 3004 No.
304 2953 447 3023 368).
2177 2959 2349 3010 1424b

322 3081 352 3110 ‚,
431 3046 564 3114 Sept.
605 3067 680 3106 17.
710 3054 902 3101 Accon.
929 3079 1001 3086 —
1028 3051 1357 3100 Bonacursus
1399 3049 1460 3098 O.
1505 3050 1583 3100 Pr.
1624 3051 2038 3118 archiepiscopus
2081 3052 2346 3118 Tyrensis,

174 3120 604 3186 compositionem
647 3125 708 3172 de
752 3124 961 3173 decimis
1005 3124 1249 3173 casalium
1279 3123 1465 3173 Eeffale
1495 3138 1541 3173 et
1568 3124 1805 3174 Saddena
1823 3126 1851 3190 ¹)
1896 3126 2026 3175 inter
2054 3126 2348 3190 Aegidium,

175 3194 441 3258 quondam
469 3197 914 3265 archiepiscopum
944 3199 1231 3265 Tyrensem
1261 3212 1307 3247 et
1336 3199 1692 3258 Guillelmum,
1736 3202 1958 3265 priorem
1988 3200 2034 3248 S.
2067 3201 2207 3249 Maii
2201 3218 2255 3248 ie
2286 3202 2347 3250 de

174 3266 300 3317 valle
327 3269 579 3337 Josaphat,
607 3286 993 3338 procuratorem
1035 3273 1165 3321 Petri
1206 3274 1474 3337 quondam
1515 3274 1707 3322 abbatis
1736 3274 1896 3325 dictae
1928 3276 2132 3330 domus
2164 3275 2345 3324 tactam

174 3341 340 3407 sigillo
367 3344 636 3395 confirmat
664 3360 711 3395 et
738 3347 990 3409 Guidoni,
1016 3346 1295 3395 successori
1336 3347 1480 3409 Petri,
1520 3346 1770 3397 clausulas
1816 3349 2026 3398 fideliter
2069 3352 2249 3398 observ
2255 3366 2345 3398 ·1n-

174 3415 263 3465 das
291 3418 547 3482 promittit.
575 3448 646 3455 -
673 3421 933 3470 Johannes
961 3421 1292 3482 Acconensis,
1328 3422 1621 3471 auctoritate
1650 3439 1808 3488 papae
1839 3424 2066 3473 notarius
2096 3423 2346 3489 publicus,

174 3490 369 3558 scripsit
397 3490 591 3554 (Revue
621 3495 681 3544 de
711 3495 929 3545 l’Orient
956 3495 1039 3545 lat.
1067 3495 1168 3558 Vll,
1197 3512 1244 3560 p.
1284 3513 1341 3559 19
1352 3513 1582 3562 2—-193,
1611 3498 1709 3546 No.
1744 3495 1846 3563 84).
2180 3496 2347 3546 1424C

323 3561 356 3618 ¹)
378 3561 506 3606 Alias
530 3562 795 3622 Sardenas,
821 3564 878 3608 cf.
905 3578 1045 3621 supra
1070 3564 1155 3608 No.
1190 3572 1334 3622 129011.

319 3695 348 3718 „
428 3656 561 3724 Sept.
599 3659 673 3708 18.
701 3658 916 3724 Tripoli.
946 3686 1019 3693 ——
1047 3658 1234 3708 Charta
1274 3658 1604 3708 Bohemundi
1635 3660 1735 3717 Vll,
1766 3660 2004 3725 principis
2036 3660 2343 3709 Antiocheni

173 3729 474 3796 comitisque
501 3731 820 3798 Tripolitani,
851 3732 902 3780 in
958 3733 1018 3782 D.
1062 3731 1196 3783 Cart.
1239 3733 1314 3794 111,
1346 3749 1391 3799 p.
1426 3750 1729 3798 37¹w'372,
1762 3735 1858 3783 No,
1890 3737 2044 3799 3⁶73.
2198 3733 2343 3782 1425

319 3857 347 3881 ,,
423 3819 603 3870 Octob.
643 3823 718 3871 16.
749 3849 819 3854 —
847 3821 1108 3870 Johannes
1149 3821 1210 3870 de
1252 3822 1509 3871 Mantistra
1553 3822 1686 3871 fratri
1728 3822 1946 3871 Johanni
1987 3823 2047 3870 dc
2086 3824 2335 3885 »Lochcss

173 3890 447 3958 Hospitalis
476 3889 789 3944 Acconensis
831 3895 1178 3961 hospitalario,
1218 3895 1269 3945 in
1309 3896 1590 3962 praesentia
1621 3897 1897 3945 Bonacursi
1927 3897 1987 3944 O.
2020 3898 2110 3950 l'r..
2151 3898 2340 3946 archie-

260 3976 292 4011 R
306 3978 329 4011 ὁ
344 3977 367 4012 h
380 3988 397 4012 r
411 3977 421 4012 i
434 3989 452 4012 c
468 3979 490 4012 h
503 3985 527 4017 t,
554 3979 720 4021 Regesta.
2051 3996 2074 4036 7
