2684 4244
947 176 1077 236 regni
1101 176 1534 236 Hierosolymitani.
2228 199 2251 240 ς
2264 198 2289 230 2
2302 198 2325 240 χ

156 361 447 411 desererent
475 375 523 411 et
550 363 612 411 ad
640 363 814 411 locum
843 361 999 410 alium
1028 362 1374 423 transferrent,
1417 361 1593 409 omnia
1629 360 1904 426 privilegia,
1934 376 2065 425 quae
2097 376 2330 424 unquam

155 447 477 502 acceperunt,
508 435 777 486 confirmat
805 434 1128 499 (Delaborde,
1160 453 1208 501 p.
1241 451 1510 500 99-100,
1542 435 1639 484 No.
1669 435 1773 500 48).
2180 432 2329 480 1223

237 528 384 579 1255
413 532 521 581 Jan.
556 549 639 598 30,
681 532 786 581 ind.
816 532 943 580 XIII.
986 531 1220 597 Neapoli.
1250 558 1322 565 —-
1349 529 1640 579 Alexander
1668 531 1735 580 IV
1775 530 2014 579 ecclesiae
2054 531 2110 579 Β.
2141 530 2331 579 Mariae

156 604 220 654 de
249 605 374 654 valle
402 607 645 672 Josaphat
672 605 935 673 privilegia
964 606 1417 671 praedecessorum
1446 621 1665 653 suorum
1694 604 1964 653 confirmat
2005 604 2329 666 (Delaborde,

155 695 204 745 p.
245 696 427 730 100—
452 697 565 745 105,
606 681 705 730 No.
735 680 839 745 49).
869 675 884 748 ΙΙ
919 679 1249 744 privilegium
1290 678 1391 728 fere
1432 679 1613 727 eadem
1653 679 1848 744 repetit,
1890 695 2021 743 quae
2062 678 2331 744 privilegio

154 769 310 820 supra
338 753 454 816 (No.
490 755 607 819 290)
638 767 815 804 notato
845 771 1085 804 concessa
1116 753 1340 802 fuerunt.
2180 750 2331 799 1224

291 880 321 904 „
401 844 548 893 Mart.
578 860 628 908 4.
684 842 919 909 Neapoli.
949 872 1021 877 ——
1049 841 1341 891 Alexander
1369 841 1434 891 IV
1476 841 1756 890 conventui
1795 842 1851 890 Β.
1884 840 2074 889 Mariae
2113 841 2174 889 de
2203 839 2330 888 valle

152 916 395 982 Josaphat
446 917 730 981 confirmat,
786 917 1080 983 diplomata,
1136 932 1266 981 quae
1310 931 1404 982 pro
1449 915 1785 980 originalibus
1828 932 1855 963 a
1899 914 2162 964 Saracenis
2207 915 2330 963 olim

153 990 421 1040 destructis
449 993 510 1041 ab
539 992 652 1058 ipso
681 992 915 1041 renovari
949 991 1246 1057 petiverant,
1274 989 1490 1056 plenum
1519 1002 1565 1038 et
1594 989 1822 1038 eundem
1850 1006 1905 1037 ac
1934 989 2214 1054 diplomata
2243 989 2331 1037 de-

153 1064 349 1131 perdita
378 1066 603 1115 valorem
631 1066 863 1116 habitura
893 1082 1000 1115 esse
1030 1064 1355 1128 (Delaborde,
1385 1081 1434 1130 p.
1476 1065 1776 1129 105—106,
1807 1064 1906 1112 No.
1945 1063 2042 1128 50).
2182 1061 2331 1110 1225

289 1191 320 1217 „
400 1157 546 1205 Mart.
588 1172 663 1205 10.
720 1159 896 1205 Accon
926 1156 978 1204 in
1008 1155 1195 1222 palatio
1232 1152 1604 1219 archiepiscopi
1631 1152 1895 1218 Tyrensis.
1926 1180 1998 1186 —
2026 1150 2329 1216 Ae(gidius),

152 1228 569 1297 archiepiscopus
596 1230 860 1296 Tyrensis,
901 1246 1075 1279 coram
1114 1228 1411 1292 ss(ernardo)
1442 1240 1665 1290 cantore,
1693 1226 1882 1275 vicario
1912 1225 2141 1292 episcopi
2164 1228 2330 1274 Acco-

154 1303 343 1367 nensis,
358 1304 389 1367 1)
431 1304 649 1355 Girardo
691 1305 941 1354 canonico
971 1317 1018 1353 et
1045 1303 1287 1367 magistro
1328 1303 1478 1351 Petro
1523 1302 1768 1350 advocato
1798 1301 2208 1364 Acconensibus,
2241 1299 2331 1364 qui

153 1376 486 1442 Signoretum
527 1378 773 1428 clericum
813 1377 1027 1443 ejusque
1063 1389 1213 1427 testes
1245 1377 1534 1440 Marchum,
1577 1375 1820 1424 clericum
1850 1376 1910 1423 de
1940 1375 2173 1438 Clavaro,
2215 1374 2330 1422 Bal—

154 1451 378 1502 duinum
396 1452 720 1517 Bancarium,
741 1453 1099 1502 Marchionem
1120 1451 1398 1516 MarqueiS,
1420 1451 1676 1500 decanum
1693 1449 2015 1516 Tyberiadis,
2035 1448 2331 1497 Renaldum

152 1537 200 1574 et
213 1525 505 1577 Gerardum
523 1526 783 1577 carnifices
801 1540 1119 1591 accusarunt,
1137 1525 1323 1575 litteras
1343 1525 1652 1591 provisionis
1671 1542 1698 1573 a
1717 1524 1986 1588 Signereto
2006 1523 2330 1572 thesaurariis

153 1602 545 1651 Acconensibus
574 1614 915 1668 praesentatas
945 1601 1198 1650 examinat
1227 1613 1289 1663 et,
1320 1612 1597 1666 postquam
1626 1616 1709 1648 eas
1737 1598 1957 1664 inspexit
1985 1614 2105 1646 cum
2125 1598 2330 1660 (Joscel—

151 1674 294 1739 lino),
308 1676 642 1739 Caesariensi,
658 1689 706 1724 et
721 1675 998 1739 (Henrico),
1013 1677 1296 1739 NazarenO,
1311 1673 1724 1740 archiepiscopiS,
1740 1673 1985 1735 (Arnaldo
1998 1672 2048 1736 ?),
2067 1672 2330 1737 Lyddensi

152 1749 415 1816 episcopO,
457 1750 665 1817 Templi
704 1750 935 1814 Domini,
979 1750 1173 1799 Montis
1201 1750 1415 1798 Thabor
1453 1760 1501 1797 et
1541 1748 1712 1798 Sancti
1752 1747 2006 1796 Samuelis
2046 1746 2327 1809 abbatibus,

151 1822 373 1889 Tyrensi
388 1837 435 1874 et
451 1824 716 1892 Lyddensi
734 1824 1122 1888 archidiaconis,
1141 1824 1384 1887 magistro
1404 1822 1599 1872 ordinis
1619 1822 1905 1885 Minorum,
1927 1821 2094 1886 priore
2117 1820 2330 1869 fratrum

151 1897 564 1948 Praedicatorum
617 1899 1020 1963 Acconensium,
1065 1898 1275 1964 Templi
1318 1911 1364 1946 et
1407 1896 1690 1963 Hospitalis
1744 1895 2077 1959 marescalcis,
2134 1894 2330 1944 dictum

150 1970 484 2038 Signoretum
513 1973 796 2023 litterarum
816 1972 1058 2022 falsarum
1086 1985 1351 2022 auctorem
1380 1971 1678 2021 incarcerari
1706 1970 1876 2035 sigillo
1905 1970 2140 2036 apposito
2170 1967 2327 2034 jubet,

147 2045 315 2097 donec
342 2064 472 2114 papa
499 2064 610 2098 rem
638 2047 991 2113 dijudicaverit
1020 2046 1189 2112 (Paris,
1220 2047 1349 2096 Bibl.
1371 2046 1565 2096 nation.
1586 2061 1724 2095 man.
1744 2046 1847 2111 lat.,
1869 2062 1918 2111 p.
1941 2062 2098 2109 9071,
2117 2045 2217 2093 No,
2243 2060 2327 2105 123

145 2120 375 2187 sigillum
404 2123 578 2187 deest).
2178 2116 2328 2165 1226

272 2208 304 2262 ¹)
338 2207 457 2252 Post
480 2218 689 2253 mortem
713 2206 904 2252 Galterii
927 2207 962 2250 ΙΙ
987 2206 1140 2266 (1253)
1164 2205 1429 2250 Florentius
1454 2205 1562 2262 (Jul.
1586 2205 1713 2264 1256)
1736 2205 1985 2249 Acconem
2009 2203 2234 2262 appulsus
2260 2213 2330 2246 est

146 2265 395 2320 (Rohricht
417 2266 463 2311 in
486 2268 670 2311 ZDPV.
695 2268 751 2324 X,
775 2282 818 2325 p.
846 2268 947 2322 21),
980 2266 1106 2310 vices
1131 2275 1270 2309 antea
1294 2275 1507 2323 gesserat
1530 2265 1688 2308 Adam
1712 2263 1788 2322 (cf.
1814 2279 1957 2323 supra
1982 2264 2073 2308 No.
2106 2264 2248 2318 1212).

283 2390 313 2416 ,‚
393 2355 541 2404 Mart.
565 2372 640 2419 19,
670 2354 776 2404 ind.
799 2354 925 2403 XIII.
959 2357 1135 2403 Accon
1164 2353 1218 2402 in
1246 2353 1455 2402 ecclesia
1485 2352 1534 2402 S.
1553 2351 1750 2402 Crucis.
1771 2380 1842 2385 —
1870 2351 2134 2401 Johannes
2154 2351 2326 2414 Costa,

148 2426 294 2477 miles
313 2429 647 2493 AcconensiS,
678 2442 726 2478 et
754 2445 884 2478 uxor
902 2427 1010 2492 ejus
1029 2429 1155 2495 Joya
1174 2427 1429 2493 Hospitali
1460 2443 1549 2493 per
1576 2442 1792 2475 manum
1811 2424 2062 2475 Johannis
2091 2425 2153 2473 de
2184 2424 2328 2474 Ceri-

146 2502 297 2567 serio,
328 2501 558 2567 ejusdem
589 2503 879 2570 receptoris,
919 2516 1102 2552 terram
1132 2519 1279 2551 suam
1308 2501 1470 2551 muris
1498 2500 1723 2550 Acconis
1750 2500 1973 2550 vicinam
2002 2500 2215 2563 donant,
2247 2499 2328 2548 cui

148 2575 342 2641 adjacet
370 2579 431 2627 ab
460 2577 656 2628 oriente
685 2590 815 2627 terra
843 2576 1004 2643 ipsius
1023 2578 1230 2640 domus,
1252 2593 1383 2641 quae
1414 2576 1509 2625 fuit
1526 2575 1777 2625 Johannis
1807 2576 2030 2639 Marran,
2060 2592 2086 2622 a
2115 2573 2329 2622 meridie

146 2662 278 2700 terra
322 2651 511 2702 domus
554 2652 779 2719 Templi,
824 2654 885 2700 ab
931 2652 1194 2701 occidente
1238 2663 1370 2700 terra
1413 2650 1615 2699 comitis
1657 2650 1867 2713 Januae,
1913 2667 1939 2698 a
1979 2648 2330 2715 septentrione

150 2741 337 2790 magna
364 2726 460 2792 via,
491 2743 592 2793 qua
621 2727 721 2776 itur
750 2727 1056 2792 Saphettum
1085 2739 1132 2774 et
1171 2726 1220 2775 S.
1251 2725 1554 2789 Georgium.
1601 2752 1673 2758 -—
1716 2724 2028 2774 Guillelmus
2072 2723 2330 2789 TyreIIuS,

149 2799 576 2851 Bartholomaeus
604 2802 801 2867 Lupus,
833 2803 1094 2867 presbyter
1123 2801 1300 2864 Hugo,
1343 2799 1650 2864 Peregrinus
1679 2799 2046 2862 subdiaconus,
2077 2797 2331 2846 Martinus

148 2886 196 2923 et
224 2874 581 2942 pasqualinus,
612 2876 779 2926 clerici
807 2875 1049 2940 thesauri,
1069 2876 1288 2925 Jacobus
1318 2874 1569 2924 diaconus
1598 2873 1861 2936 (Delaville
1880 2874 1926 2923 le
1946 2872 2135 2936 Roulx,
2156 2889 2205 2938 p.
2235 2874 2332 2935 184

148 2950 347 3015 —185,
378 2950 477 3000 No.
510 2952 604 3013 813
649 2950 709 3000 cf.
741 2967 789 3017 p.
821 2950 920 3015 25).
2181 2944 2326 2994 1227

286 3081 318 3107 ‚,
398 3045 542 3095 Mart.
571 3062 646 3110 19,
678 3044 784 3094 ind.
814 3045 943 3094 XIII.
975 3048 1154 3093 Accon
1184 3043 1235 3092 in
1265 3042 1475 3092 ecclesia
1505 3043 1554 3093 S.
1573 3043 1769 3093 Crucis.
1800 3071 1871 3078 ——-
1902 3042 2079 3093 Guido
2109 3054 2156 3091 et
2174 3042 2331 3091 Nico-

148 3118 259 3168 laus
302 3118 364 3168 de
408 3119 609 3186 Ronay,
656 3118 841 3169 milites
884 3123 1232 3181 AcconenseS,
1279 3118 1365 3167 filii
1411 3119 1680 3183 quondam
1721 3116 1982 3168 Guidonis
2023 3117 2085 3166 de
2129 3118 2330 3182 Ronay,

150 3208 409 3243 consensu
438 3194 652 3258 Agnetis
693 3194 865 3243 matris
900 3192 1155 3259 Hospitali
1186 3209 1275 3258 per
1303 3208 1516 3241 manum
1545 3193 1797 3242 Johannis
1827 3193 1888 3242 de
1919 3191 2107 3241 Cerisis
2137 3192 2331 3239 donant

150 3266 335 3317 domos
364 3279 412 3316 et
439 3267 627 3334 petiam
655 3280 815 3317 terrae
845 3281 979 3317 extra
1010 3283 1186 3316 muros
1208 3268 1428 3316 Acconis
1458 3283 1618 3333 prope
1644 3268 1843 3316 flumen
1864 3268 2132 3315 Mortuum
2165 3265 2328 3328 sitam,

151 3357 283 3406 quae
310 3354 486 3407 terrae,
517 3358 673 3408 quam
705 3343 881 3393 Guido
912 3355 959 3391 et
987 3342 1232 3390 Nicolaus
1262 3342 1323 3390 de
1354 3342 1540 3408 Ronay
1568 3359 1594 3390 a
1624 3342 1785 3390 domo
1816 3342 1865 3390 S.
1888 3339 2107 3407 Spiritus
2137 3352 2330 3397 tenent,

150 3428 198 3464 et
225 3413 458 3479 ejusdem
486 3417 676 3467 domus
704 3418 864 3466 hortis
896 3416 1161 3481 fluvioque
1193 3416 1406 3465 Mortuo
1435 3414 1644 3480 adjacet.
1664 3444 1735 3451 —
1755 3416 1928 3465 Frater
1949 3416 2163 3473 Alantffi,
2196 3414 2333 3479 prior

152 3489 201 3539 S.
231 3490 487 3555 Thomae,
530 3491 777 3555 Ubaldus,
820 3490 943 3555 juris
973 3490 1181 3556 peritus,
1224 3492 1502 3556 presbyter,
1543 3491 1804 3540 Johannes
1834 3491 1896 3539 de
1928 3490 1974 3538 S.
2012 3494 2162 3537 Anna
2194 3505 2330 3552 pres-

151 3564 310 3629 byter,
350 3564 611 3615 Johannes
652 3565 920 3615 Rossellus
960 3566 1021 3613 de
1064 3565 1270 3628 Catena,
1312 3565 1649 3614 Lamfrancus
1678 3566 1740 3613 de
1772 3564 2074 3627 l’lazalonga
2105 3562 2333 3610 notarius

152 3637 415 3700 (Delaville
444 3639 490 3688 le
519 3640 706 3704 Roulx,
738 3657 786 3706 p.
828 3641 942 3703 186,
974 3640 1071 3687 No.
1107 3641 1201 3704 833
1246 3638 1306 3688 cf.
1339 3655 1386 3705 p.
1422 3640 1522 3704 25).
2187 3634 2333 3682 1228

290 3772 319 3797 ,,
399 3736 545 3785 Mart.
566 3735 766 3802 Tripoli
788 3736 840 3784 in
856 3735 1041 3802 palatio
1062 3734 1305 3800 principis
1319 3735 1632 3784 Antiocheni
1651 3735 1877 3799 (gallice).
1970 3734 2335 3795 Boemundvl,

156 3808 394 3875 princeps
422 3810 781 3859 Antiochenus
809 3822 856 3859 et
885 3826 1058 3859 comes
1086 3809 1459 3875 Tripolitaan
1501 3826 1678 3858 amore
1713 3808 1979 3858 Guillelmi
2019 3809 2080 3856 de
2111 3808 2333 3855 Castello

155 3898 296 3933 novo
324 3883 549 3947 magistri
580 3900 669 3950 per
697 3900 912 3933 manum
933 3884 1175 3948 Hugonis
1205 3882 1390 3947 (Huge)
1421 3884 1483 3932 de
1517 3883 1688 3947 Revel,
1708 3882 2147 3932 commendatoris
2170 3886 2316 3930 Accov

157 3956 347 4022 nensis,
392 3957 647 4024 Hospitali
691 3959 849 4008 donat
892 3971 938 4008 et
982 3957 1150 4021 sigillo
1195 3958 1464 4006 confirmat
1510 3959 1770 4022 quendam
1817 3974 1977 4022 aquae
2019 3956 2245 4004 canalem
2289 3968 2333 4003 ct

1977 4055 2063 4099 21¹¹*
