<?xml version="1.0" encoding="UTF-8"?>
<!DOCTYPE html PUBLIC "-//W3C//DTD XHTML 1.0 Transitional//EN"
    "http://www.w3.org/TR/xhtml1/DTD/xhtml1-transitional.dtd">
<html xmlns="http://www.w3.org/1999/xhtml" xml:lang="en" lang="en">
 <head>
  <title>
</title>
<meta http-equiv="Content-Type" content="text/html;charset=utf-8" />
  <meta name='ocr-system' content='tesseract 3.04.00' />
  <meta name='ocr-capabilities' content='ocr_page ocr_carea ocr_par ocr_line ocrx_word'/>
</head>
<body>
  <div class='ocr_page' id='page_1' title='image "./registaregnihier00rhuoft_0345.png"; bbox 0 0 2684 4244; ppageno 0'>
   <div class='ocr_carea' id='block_1_1' title="bbox 884 145 2261 211">
    <p class='ocr_par' dir='ltr' id='par_1_1' title="bbox 884 145 2261 211">
     <span class='ocr_line' id='line_1_1' title="bbox 884 145 2261 211; baseline -0.001 -22"><span class='ocrx_word' id='word_1_1' title='bbox 884 145 1016 203; x_wconf 83' lang='lat' dir='ltr'><strong>regni</strong></span> <span class='ocrx_word' id='word_1_2' title='bbox 1040 145 1474 205; x_wconf 87' lang='lat' dir='ltr'><strong>Hierosolymitani.</strong></span> <span class='ocrx_word' id='word_1_3' title='bbox 2164 169 2186 211; x_wconf 45' lang='grc' dir='ltr'><strong>ς</strong></span> <span class='ocrx_word' id='word_1_4' title='bbox 2201 168 2223 211; x_wconf 62' lang='lat'><em>3</em></span> <span class='ocrx_word' id='word_1_5' title='bbox 2234 168 2261 205; x_wconf 82' lang='lat'><strong>7</strong></span> 
     </span>
    </p>
   </div>
   <div class='ocr_carea' id='block_1_2' title="bbox 1035 220 2232 233">
    <p class='ocr_par' dir='ltr' id='par_1_2' title="bbox 1035 220 2232 233">
     <span class='ocr_line' id='line_1_2' title="bbox 1035 220 2232 233; baseline 0 0"><span class='ocrx_word' id='word_1_6' title='bbox 1035 220 2232 233; x_wconf 95' lang='lat' dir='ltr'><strong> </strong></span> 
     </span>
    </p>
   </div>
   <div class='ocr_carea' id='block_1_3' title="bbox 91 335 2273 2112">
    <p class='ocr_par' dir='ltr' id='par_1_3' title="bbox 91 335 2273 2112">
     <span class='ocr_line' id='line_1_3' title="bbox 92 335 2266 402; baseline 0 -18"><span class='ocrx_word' id='word_1_7' title='bbox 92 348 305 385; x_wconf 83' lang='lat' dir='ltr'>cesserat</span> <span class='ocrx_word' id='word_1_8' title='bbox 333 335 385 384; x_wconf 92' lang='lat' dir='ltr'><strong>in</strong></span> <span class='ocrx_word' id='word_1_9' title='bbox 414 335 672 384; x_wconf 81' lang='lat' dir='ltr'>cambium</span> <span class='ocrx_word' id='word_1_10' title='bbox 703 348 892 402; x_wconf 86' lang='lat' dir='ltr'><strong>portae,</strong></span> <span class='ocrx_word' id='word_1_11' title='bbox 925 352 1055 400; x_wconf 86' lang='lat' dir='ltr'><strong>quae</strong></span> <span class='ocrx_word' id='word_1_12' title='bbox 1095 348 1210 401; x_wconf 88' lang='lat' dir='ltr'><strong>post</strong></span> <span class='ocrx_word' id='word_1_13' title='bbox 1239 336 1457 384; x_wconf 88' lang='lat' dir='ltr'><strong>domum</strong></span> <span class='ocrx_word' id='word_1_14' title='bbox 1488 336 1768 401; x_wconf 88' lang='lat' dir='ltr'><strong>Hospitalis</strong></span> <span class='ocrx_word' id='word_1_15' title='bbox 1796 336 2062 402; x_wconf 90' lang='lat' dir='ltr'><strong>Tyriensis</strong></span> <span class='ocrx_word' id='word_1_16' title='bbox 2090 353 2266 385; x_wconf 87' lang='lat' dir='ltr'><strong>versus</strong></span> 
     </span>
     <span class='ocr_line' id='line_1_4' title="bbox 93 408 2266 476; baseline 0 -18"><span class='ocrx_word' id='word_1_17' title='bbox 93 408 362 459; x_wconf 89' lang='lat' dir='ltr'><strong>meridiem</strong></span> <span class='ocrx_word' id='word_1_18' title='bbox 390 409 482 458; x_wconf 89' lang='lat' dir='ltr'><strong>sita</strong></span> <span class='ocrx_word' id='word_1_19' title='bbox 512 423 558 459; x_wconf 93' lang='lat' dir='ltr'><strong>et</strong></span> <span class='ocrx_word' id='word_1_20' title='bbox 585 427 760 459; x_wconf 88' lang='lat' dir='ltr'><strong>versus</strong></span> <span class='ocrx_word' id='word_1_21' title='bbox 790 426 926 458; x_wconf 87' lang='lat' dir='ltr'><strong>mare</strong></span> <span class='ocrx_word' id='word_1_22' title='bbox 956 423 1133 475; x_wconf 91' lang='lat' dir='ltr'><strong>patens</strong></span> <span class='ocrx_word' id='word_1_23' title='bbox 1154 410 1296 459; x_wconf 88' lang='lat' dir='ltr'><strong>dictis</strong></span> <span class='ocrx_word' id='word_1_24' title='bbox 1316 409 1551 459; x_wconf 88' lang='lat' dir='ltr'><strong>fratribus</strong></span> <span class='ocrx_word' id='word_1_25' title='bbox 1570 412 1630 458; x_wconf 90' lang='lat' dir='ltr'><strong>ab</strong></span> <span class='ocrx_word' id='word_1_26' title='bbox 1649 410 1909 460; x_wconf 90' lang='lat' dir='ltr'><strong>Amalrico</strong></span> <span class='ocrx_word' id='word_1_27' title='bbox 1929 411 2207 476; x_wconf 87' lang='lat' dir='ltr'><strong>(Haymeri)</strong></span> <span class='ocrx_word' id='word_1_28' title='bbox 2228 411 2266 459; x_wconf 95' lang='lat' dir='ltr'><strong>II</strong></span> 
     </span>
     <span class='ocr_line' id='line_1_5' title="bbox 94 483 2265 550; baseline 0 -18"><span class='ocrx_word' id='word_1_29' title='bbox 94 500 211 549; x_wconf 85' lang='lat' dir='ltr'><strong>rege</strong></span> <span class='ocrx_word' id='word_1_30' title='bbox 240 496 287 532; x_wconf 93' lang='lat' dir='ltr'><strong>et</strong></span> <span class='ocrx_word' id='word_1_31' title='bbox 315 484 523 533; x_wconf 89' lang='lat' dir='ltr'><strong>Isabella</strong></span> <span class='ocrx_word' id='word_1_32' title='bbox 552 484 780 547; x_wconf 87' lang='lat' dir='ltr'><strong>(Isabiau)</strong></span> <span class='ocrx_word' id='word_1_33' title='bbox 811 483 984 548; x_wconf 83' lang='lat' dir='ltr'><strong>regina</strong></span> <span class='ocrx_word' id='word_1_34' title='bbox 1014 485 1127 533; x_wconf 90' lang='lat' dir='ltr'><strong>data</strong></span> <span class='ocrx_word' id='word_1_35' title='bbox 1157 484 1334 533; x_wconf 87' lang='lat' dir='ltr'><strong>fuerat.</strong></span> <span class='ocrx_word' id='word_1_36' title='bbox 1390 485 1590 533; x_wconf 83' lang='lat' dir='ltr'><strong>Deinde</strong></span> <span class='ocrx_word' id='word_1_37' title='bbox 1631 484 1885 550; x_wconf 89' lang='lat' dir='ltr'><strong>Hospitali</strong></span> <span class='ocrx_word' id='word_1_38' title='bbox 1926 485 2102 534; x_wconf 90' lang='lat' dir='ltr'><strong>omnia</strong></span> <span class='ocrx_word' id='word_1_39' title='bbox 2131 486 2265 533; x_wconf 89' lang='lat' dir='ltr'><strong>bona</strong></span> 
     </span>
     <span class='ocr_line' id='line_1_6' title="bbox 92 557 2267 624; baseline 0 -17"><span class='ocrx_word' id='word_1_40' title='bbox 92 557 377 621; x_wconf 82' lang='lat' dir='ltr'><strong>confirmat,</strong></span> <span class='ocrx_word' id='word_1_41' title='bbox 414 575 546 623; x_wconf 90' lang='lat' dir='ltr'><strong>quae</strong></span> <span class='ocrx_word' id='word_1_42' title='bbox 576 559 627 607; x_wconf 90' lang='lat' dir='ltr'><strong>in</strong></span> <span class='ocrx_word' id='word_1_43' title='bbox 657 558 911 608; x_wconf 87' lang='lat' dir='ltr'><strong>territorio</strong></span> <span class='ocrx_word' id='word_1_44' title='bbox 945 558 1157 607; x_wconf 87' lang='lat' dir='ltr'><strong>civitatis</strong></span> <span class='ocrx_word' id='word_1_45' title='bbox 1190 558 1315 624; x_wconf 92' lang='lat' dir='ltr'><strong>Tyri</strong></span> <span class='ocrx_word' id='word_1_46' title='bbox 1347 559 1587 623; x_wconf 81' lang='lat' dir='ltr'><strong>possidet,</strong></span> <span class='ocrx_word' id='word_1_47' title='bbox 1621 558 1791 624; x_wconf 89' lang='lat' dir='ltr'><strong>itaque</strong></span> <span class='ocrx_word' id='word_1_48' title='bbox 1827 558 2007 608; x_wconf 78' lang='lat' dir='ltr'><strong>casalia</strong></span> <span class='ocrx_word' id='word_1_49' title='bbox 2041 559 2267 624; x_wconf 84' lang='lat' dir='ltr'><strong>Migedel</strong></span> 
     </span>
     <span class='ocr_line' id='line_1_7' title="bbox 93 631 2268 699; baseline 0 -19"><span class='ocrx_word' id='word_1_50' title='bbox 93 647 212 681; x_wconf 89' lang='lat' dir='ltr'><strong>cum</strong></span> <span class='ocrx_word' id='word_1_51' title='bbox 240 632 436 696; x_wconf 85' lang='lat' dir='ltr'><strong>gastina</strong></span> <span class='ocrx_word' id='word_1_52' title='bbox 454 633 678 699; x_wconf 89' lang='lat' dir='ltr'><strong>Theyre,</strong></span> <span class='ocrx_word' id='word_1_53' title='bbox 708 634 754 681; x_wconf 91' lang='lat' dir='ltr'><strong>la</strong></span> <span class='ocrx_word' id='word_1_54' title='bbox 772 633 882 681; x_wconf 90' lang='lat' dir='ltr'><strong>Tor</strong></span> <span class='ocrx_word' id='word_1_55' title='bbox 910 649 1030 681; x_wconf 90' lang='lat' dir='ltr'><strong>cum</strong></span> <span class='ocrx_word' id='word_1_56' title='bbox 1050 631 1385 697; x_wconf 82' lang='lat' dir='ltr'><strong>pertinentiis,</strong></span> <span class='ocrx_word' id='word_1_57' title='bbox 1406 632 1725 696; x_wconf 91' lang='lat' dir='ltr'><strong>molendina,</strong></span> <span class='ocrx_word' id='word_1_58' title='bbox 1757 633 1794 681; x_wconf 94' lang='lat' dir='ltr'><strong>II</strong></span> <span class='ocrx_word' id='word_1_59' title='bbox 1823 634 2002 682; x_wconf 90' lang='lat' dir='ltr'><strong>hortos</strong></span> <span class='ocrx_word' id='word_1_60' title='bbox 2022 633 2268 698; x_wconf 87' lang='lat' dir='ltr'><strong>(quorum</strong></span> 
     </span>
     <span class='ocr_line' id='line_1_8' title="bbox 94 706 2267 772; baseline 0 -17"><span class='ocrx_word' id='word_1_61' title='bbox 94 722 230 755; x_wconf 90' lang='lat' dir='ltr'><strong>unus</strong></span> <span class='ocrx_word' id='word_1_62' title='bbox 284 722 477 771; x_wconf 82' lang='lat' dir='ltr'><strong>magno</strong></span> <span class='ocrx_word' id='word_1_63' title='bbox 528 707 729 756; x_wconf 90' lang='lat' dir='ltr'><strong>domini</strong></span> <span class='ocrx_word' id='word_1_64' title='bbox 780 707 933 756; x_wconf 89' lang='lat' dir='ltr'><strong>horto</strong></span> <span class='ocrx_word' id='word_1_65' title='bbox 971 706 1169 756; x_wconf 84' lang='lat' dir='ltr'><strong>vicinus</strong></span> <span class='ocrx_word' id='word_1_66' title='bbox 1210 719 1418 756; x_wconf 89' lang='lat' dir='ltr'><strong>vocatur</strong></span> <span class='ocrx_word' id='word_1_67' title='bbox 1470 706 1517 755; x_wconf 92' lang='lat' dir='ltr'><strong>la</strong></span> <span class='ocrx_word' id='word_1_68' title='bbox 1572 709 1865 772; x_wconf 87' lang='lat' dir='ltr'><strong>Massoque,</strong></span> <span class='ocrx_word' id='word_1_69' title='bbox 1910 708 2033 756; x_wconf 86' lang='lat' dir='ltr'><strong>alter</strong></span> <span class='ocrx_word' id='word_1_70' title='bbox 2086 708 2267 756; x_wconf 89' lang='lat' dir='ltr'><strong>hortus</strong></span> 
     </span>
     <span class='ocr_line' id='line_1_9' title="bbox 92 779 2268 846; baseline 0 -17"><span class='ocrx_word' id='word_1_71' title='bbox 92 796 312 845; x_wconf 86' lang='lat' dir='ltr'><strong>magnus</strong></span> <span class='ocrx_word' id='word_1_72' title='bbox 356 779 618 845; x_wconf 88' lang='lat' dir='ltr'><strong>interjacet</strong></span> <span class='ocrx_word' id='word_1_73' title='bbox 660 782 888 843; x_wconf 88' lang='lat' dir='ltr'><strong>hortum,</strong></span> <span class='ocrx_word' id='word_1_74' title='bbox 930 797 1088 846; x_wconf 88' lang='lat' dir='ltr'><strong>quem</strong></span> <span class='ocrx_word' id='word_1_75' title='bbox 1132 781 1378 830; x_wconf 89' lang='lat' dir='ltr'><strong>dominus</strong></span> <span class='ocrx_word' id='word_1_76' title='bbox 1418 781 1581 830; x_wconf 92' lang='lat' dir='ltr'><strong>Fulco</strong></span> <span class='ocrx_word' id='word_1_77' title='bbox 1623 782 1894 846; x_wconf 86' lang='lat' dir='ltr'><strong>(Foulque)</strong></span> <span class='ocrx_word' id='word_1_78' title='bbox 1936 782 1998 830; x_wconf 90' lang='lat' dir='ltr'><strong>de</strong></span> <span class='ocrx_word' id='word_1_79' title='bbox 2036 782 2213 831; x_wconf 87' lang='lat' dir='ltr'><strong>Caban</strong></span> <span class='ocrx_word' id='word_1_80' title='bbox 2242 799 2268 830; x_wconf 94' lang='lat' dir='ltr'><strong>a</strong></span> 
     </span>
     <span class='ocr_line' id='line_1_10' title="bbox 92 854 2267 921; baseline 0 -18"><span class='ocrx_word' id='word_1_81' title='bbox 92 854 306 904; x_wconf 91' lang='lat' dir='ltr'><strong>domina</strong></span> <span class='ocrx_word' id='word_1_82' title='bbox 334 856 397 904; x_wconf 87' lang='lat' dir='ltr'><strong>de</strong></span> <span class='ocrx_word' id='word_1_83' title='bbox 425 854 473 904; x_wconf 93' lang='lat' dir='ltr'><strong>la</strong></span> <span class='ocrx_word' id='word_1_84' title='bbox 501 855 744 921; x_wconf 88' lang='lat' dir='ltr'><strong>baquerie</strong></span> <span class='ocrx_word' id='word_1_85' title='bbox 774 855 912 919; x_wconf 90' lang='lat' dir='ltr'><strong>emit,</strong></span> <span class='ocrx_word' id='word_1_86' title='bbox 933 867 981 904; x_wconf 90' lang='lat' dir='ltr'><strong>et</strong></span> <span class='ocrx_word' id='word_1_87' title='bbox 999 857 1211 905; x_wconf 87' lang='lat' dir='ltr'><strong>hortum</strong></span> <span class='ocrx_word' id='word_1_88' title='bbox 1230 855 1431 904; x_wconf 90' lang='lat' dir='ltr'><strong>domini</strong></span> <span class='ocrx_word' id='word_1_89' title='bbox 1450 855 1717 905; x_wconf 85' lang='lat' dir='ltr'><strong>Guillelmi</strong></span> <span class='ocrx_word' id='word_1_90' title='bbox 1735 856 1944 904; x_wconf 92' lang='lat' dir='ltr'><strong>Jordain</strong></span> <span class='ocrx_word' id='word_1_91' title='bbox 1963 856 2267 920; x_wconf 86' lang='lat' dir='ltr'><strong>burgensis),</strong></span> 
     </span>
     <span class='ocr_line' id='line_1_11' title="bbox 92 928 2268 995; baseline 0 -18"><span class='ocrx_word' id='word_1_92' title='bbox 92 928 303 995; x_wconf 89' lang='lat' dir='ltr'><strong>insuper</strong></span> <span class='ocrx_word' id='word_1_93' title='bbox 332 929 519 995; x_wconf 90' lang='lat' dir='ltr'><strong>petiam</strong></span> <span class='ocrx_word' id='word_1_94' title='bbox 546 942 705 979; x_wconf 86' lang='lat' dir='ltr'><strong>terrae</strong></span> <span class='ocrx_word' id='word_1_95' title='bbox 724 942 839 979; x_wconf 88' lang='lat' dir='ltr'><strong>ante</strong></span> <span class='ocrx_word' id='word_1_96' title='bbox 859 945 1109 995; x_wconf 83' lang='lat' dir='ltr'><strong>magnum</strong></span> <span class='ocrx_word' id='word_1_97' title='bbox 1130 928 1330 978; x_wconf 91' lang='lat' dir='ltr'><strong>domini</strong></span> <span class='ocrx_word' id='word_1_98' title='bbox 1349 930 1560 979; x_wconf 91' lang='lat' dir='ltr'><strong>hortum</strong></span> <span class='ocrx_word' id='word_1_99' title='bbox 1579 930 1709 979; x_wconf 88' lang='lat' dir='ltr'><strong>inter</strong></span> <span class='ocrx_word' id='word_1_100' title='bbox 1726 942 1911 978; x_wconf 89' lang='lat' dir='ltr'><strong>terram</strong></span> <span class='ocrx_word' id='word_1_101' title='bbox 1941 930 1989 979; x_wconf 88' lang='lat' dir='ltr'><strong>S.</strong></span> <span class='ocrx_word' id='word_1_102' title='bbox 2011 930 2268 979; x_wconf 91' lang='lat' dir='ltr'><strong>Leonardi</strong></span> 
     </span>
     <span class='ocr_line' id='line_1_12' title="bbox 95 1002 2267 1069; baseline 0 -18"><span class='ocrx_word' id='word_1_103' title='bbox 95 1002 366 1069; x_wconf 87' lang='lat' dir='ltr'><strong>(Lyenart),</strong></span> <span class='ocrx_word' id='word_1_104' title='bbox 397 1020 529 1069; x_wconf 88' lang='lat' dir='ltr'><strong>quae</strong></span> <span class='ocrx_word' id='word_1_105' title='bbox 558 1018 768 1054; x_wconf 89' lang='lat' dir='ltr'><strong>vocatur</strong></span> <span class='ocrx_word' id='word_1_106' title='bbox 795 1003 840 1053; x_wconf 93' lang='lat' dir='ltr'><strong>la</strong></span> <span class='ocrx_word' id='word_1_107' title='bbox 870 1004 1133 1068; x_wconf 86' lang='lat' dir='ltr'><strong>Mosserie,</strong></span> <span class='ocrx_word' id='word_1_108' title='bbox 1162 1017 1208 1052; x_wconf 92' lang='lat' dir='ltr'><strong>et</strong></span> <span class='ocrx_word' id='word_1_109' title='bbox 1235 1004 1427 1067; x_wconf 89' lang='lat' dir='ltr'><strong>locum,</strong></span> <span class='ocrx_word' id='word_1_110' title='bbox 1449 1003 1538 1069; x_wconf 87' lang='lat' dir='ltr'><strong>qui</strong></span> <span class='ocrx_word' id='word_1_111' title='bbox 1557 1004 1742 1053; x_wconf 88' lang='lat' dir='ltr'><strong>dicitur</strong></span> <span class='ocrx_word' id='word_1_112' title='bbox 1759 1004 2083 1067; x_wconf 88' lang='lat' dir='ltr'><strong>Raissemon,</strong></span> <span class='ocrx_word' id='word_1_113' title='bbox 2103 1004 2267 1067; x_wconf 90' lang='lat' dir='ltr'><strong>sitam,</strong></span> 
     </span>
     <span class='ocr_line' id='line_1_13' title="bbox 92 1076 2271 1143; baseline 0 -17"><span class='ocrx_word' id='word_1_114' title='bbox 92 1076 259 1141; x_wconf 91' lang='lat' dir='ltr'><strong>aliam,</strong></span> <span class='ocrx_word' id='word_1_115' title='bbox 281 1094 412 1143; x_wconf 88' lang='lat' dir='ltr'><strong>quae</strong></span> <span class='ocrx_word' id='word_1_116' title='bbox 442 1080 537 1127; x_wconf 89' lang='lat' dir='ltr'><strong>sub</strong></span> <span class='ocrx_word' id='word_1_117' title='bbox 566 1091 694 1127; x_wconf 89' lang='lat' dir='ltr'><strong>terra</strong></span> <span class='ocrx_word' id='word_1_118' title='bbox 725 1079 774 1128; x_wconf 97' lang='lat' dir='ltr'><strong>S.</strong></span> <span class='ocrx_word' id='word_1_119' title='bbox 797 1077 941 1128; x_wconf 87' lang='lat' dir='ltr'><strong>Pauli</strong></span> <span class='ocrx_word' id='word_1_120' title='bbox 969 1077 1096 1142; x_wconf 89' lang='lat' dir='ltr'><strong>jacet</strong></span> <span class='ocrx_word' id='word_1_121' title='bbox 1124 1079 1336 1127; x_wconf 94' lang='lat' dir='ltr'><strong>hortum</strong></span> <span class='ocrx_word' id='word_1_122' title='bbox 1365 1078 1566 1127; x_wconf 90' lang='lat' dir='ltr'><strong>domini</strong></span> <span class='ocrx_word' id='word_1_123' title='bbox 1595 1078 1803 1127; x_wconf 89' lang='lat' dir='ltr'><strong>Sidonis</strong></span> <span class='ocrx_word' id='word_1_124' title='bbox 1832 1079 2099 1142; x_wconf 84' lang='lat' dir='ltr'><strong>attingens,</strong></span> <span class='ocrx_word' id='word_1_125' title='bbox 2120 1078 2271 1126; x_wconf 90' lang='lat' dir='ltr'><strong>aliam</strong></span> 
     </span>
     <span class='ocr_line' id='line_1_14' title="bbox 91 1151 2271 1218; baseline 0 -18"><span class='ocrx_word' id='word_1_126' title='bbox 91 1151 254 1200; x_wconf 88' lang='lat' dir='ltr'><strong>vineis</strong></span> <span class='ocrx_word' id='word_1_127' title='bbox 297 1152 590 1218; x_wconf 83' lang='lat' dir='ltr'><strong>plantatam,</strong></span> <span class='ocrx_word' id='word_1_128' title='bbox 633 1169 766 1218; x_wconf 88' lang='lat' dir='ltr'><strong>quae</strong></span> <span class='ocrx_word' id='word_1_129' title='bbox 808 1166 938 1201; x_wconf 89' lang='lat' dir='ltr'><strong>terra</strong></span> <span class='ocrx_word' id='word_1_130' title='bbox 980 1153 1120 1202; x_wconf 92' lang='lat' dir='ltr'><strong>lacus</strong></span> <span class='ocrx_word' id='word_1_131' title='bbox 1165 1153 1363 1216; x_wconf 84' lang='lat' dir='ltr'><strong>dicitur,</strong></span> <span class='ocrx_word' id='word_1_132' title='bbox 1406 1169 1526 1202; x_wconf 92' lang='lat' dir='ltr'><strong>cum</strong></span> <span class='ocrx_word' id='word_1_133' title='bbox 1564 1153 1694 1217; x_wconf 92' lang='lat' dir='ltr'><strong>lacu,</strong></span> <span class='ocrx_word' id='word_1_134' title='bbox 1735 1165 1895 1202; x_wconf 90' lang='lat' dir='ltr'><strong>terrae</strong></span> <span class='ocrx_word' id='word_1_135' title='bbox 1930 1153 2167 1202; x_wconf 89' lang='lat' dir='ltr'><strong>Thomae</strong></span> <span class='ocrx_word' id='word_1_136' title='bbox 2208 1153 2271 1201; x_wconf 88' lang='lat' dir='ltr'><strong>de</strong></span> 
     </span>
     <span class='ocr_line' id='line_1_15' title="bbox 93 1225 2271 1293; baseline -0 -18"><span class='ocrx_word' id='word_1_137' title='bbox 93 1225 301 1290; x_wconf 85' lang='lat' dir='ltr'><strong>Fignon</strong></span> <span class='ocrx_word' id='word_1_138' title='bbox 331 1240 377 1275; x_wconf 92' lang='lat' dir='ltr'><strong>et</strong></span> <span class='ocrx_word' id='word_1_139' title='bbox 403 1227 792 1293; x_wconf 87' lang='lat' dir='ltr'><strong>templariorum</strong></span> <span class='ocrx_word' id='word_1_140' title='bbox 812 1226 1052 1290; x_wconf 89' lang='lat' dir='ltr'><strong>vicinam,</strong></span> <span class='ocrx_word' id='word_1_141' title='bbox 1083 1226 1234 1275; x_wconf 90' lang='lat' dir='ltr'><strong>aliam</strong></span> <span class='ocrx_word' id='word_1_142' title='bbox 1263 1227 1423 1276; x_wconf 91' lang='lat' dir='ltr'><strong>dictae</strong></span> <span class='ocrx_word' id='word_1_143' title='bbox 1452 1240 1611 1276; x_wconf 89' lang='lat' dir='ltr'><strong>terrae</strong></span> <span class='ocrx_word' id='word_1_144' title='bbox 1638 1226 1780 1276; x_wconf 90' lang='lat' dir='ltr'><strong>lacus</strong></span> <span class='ocrx_word' id='word_1_145' title='bbox 1809 1240 1856 1276; x_wconf 89' lang='lat' dir='ltr'><strong>et</strong></span> <span class='ocrx_word' id='word_1_146' title='bbox 1883 1227 2007 1291; x_wconf 88' lang='lat' dir='ltr'><strong>viae,</strong></span> <span class='ocrx_word' id='word_1_147' title='bbox 2037 1243 2168 1292; x_wconf 88' lang='lat' dir='ltr'><strong>quae</strong></span> <span class='ocrx_word' id='word_1_148' title='bbox 2198 1238 2271 1275; x_wconf 91' lang='lat' dir='ltr'><strong>est</strong></span> 
     </span>
     <span class='ocr_line' id='line_1_16' title="bbox 92 1300 2269 1367; baseline 0 -18"><span class='ocrx_word' id='word_1_149' title='bbox 92 1300 146 1349; x_wconf 91' lang='lat' dir='ltr'><strong>in</strong></span> <span class='ocrx_word' id='word_1_150' title='bbox 176 1300 366 1364; x_wconf 91' lang='lat' dir='ltr'><strong>medio,</strong></span> <span class='ocrx_word' id='word_1_151' title='bbox 408 1314 537 1350; x_wconf 89' lang='lat' dir='ltr'><strong>terra</strong></span> <span class='ocrx_word' id='word_1_152' title='bbox 564 1301 1021 1351; x_wconf 88' lang='lat' dir='ltr'><strong>Theutonicorum</strong></span> <span class='ocrx_word' id='word_1_153' title='bbox 1058 1302 1120 1350; x_wconf 90' lang='lat' dir='ltr'><strong>de</strong></span> <span class='ocrx_word' id='word_1_154' title='bbox 1149 1301 1302 1350; x_wconf 89' lang='lat' dir='ltr'><strong>altera</strong></span> <span class='ocrx_word' id='word_1_155' title='bbox 1341 1313 1481 1367; x_wconf 85' lang='lat' dir='ltr'><strong>parte</strong></span> <span class='ocrx_word' id='word_1_156' title='bbox 1522 1302 1686 1367; x_wconf 89' lang='lat' dir='ltr'><strong>posita</strong></span> <span class='ocrx_word' id='word_1_157' title='bbox 1726 1300 2060 1365; x_wconf 87' lang='lat' dir='ltr'><strong>adjacentem,</strong></span> <span class='ocrx_word' id='word_1_158' title='bbox 2101 1301 2269 1364; x_wconf 91' lang='lat' dir='ltr'><strong>aliam,</strong></span> 
     </span>
     <span class='ocr_line' id='line_1_17' title="bbox 93 1374 2273 1442; baseline 0 -19"><span class='ocrx_word' id='word_1_159' title='bbox 93 1390 225 1440; x_wconf 89' lang='lat' dir='ltr'><strong>quae</strong></span> <span class='ocrx_word' id='word_1_160' title='bbox 254 1374 451 1440; x_wconf 86' lang='lat' dir='ltr'><strong>attingit</strong></span> <span class='ocrx_word' id='word_1_161' title='bbox 478 1376 689 1425; x_wconf 90' lang='lat' dir='ltr'><strong>hortum</strong></span> <span class='ocrx_word' id='word_1_162' title='bbox 718 1377 780 1425; x_wconf 92' lang='lat' dir='ltr'><strong>de</strong></span> <span class='ocrx_word' id='word_1_163' title='bbox 809 1376 855 1425; x_wconf 92' lang='lat' dir='ltr'><strong>la</strong></span> <span class='ocrx_word' id='word_1_164' title='bbox 885 1376 1127 1441; x_wconf 89' lang='lat' dir='ltr'><strong>baquerie</strong></span> <span class='ocrx_word' id='word_1_165' title='bbox 1157 1388 1203 1425; x_wconf 86' lang='lat' dir='ltr'><strong>et</strong></span> <span class='ocrx_word' id='word_1_166' title='bbox 1231 1388 1415 1425; x_wconf 87' lang='lat' dir='ltr'><strong>terram</strong></span> <span class='ocrx_word' id='word_1_167' title='bbox 1446 1376 1606 1442; x_wconf 89' lang='lat' dir='ltr'><strong>ipsius</strong></span> <span class='ocrx_word' id='word_1_168' title='bbox 1635 1376 1850 1440; x_wconf 91' lang='lat' dir='ltr'><strong>domini,</strong></span> <span class='ocrx_word' id='word_1_169' title='bbox 1870 1376 1958 1426; x_wconf 87' lang='lat' dir='ltr'><strong>ubi</strong></span> <span class='ocrx_word' id='word_1_170' title='bbox 1978 1376 2273 1441; x_wconf 88' lang='lat' dir='ltr'><strong>plantantur</strong></span> 
     </span>
     <span class='ocr_line' id='line_1_18' title="bbox 93 1450 2272 1516; baseline 0 -18"><span class='ocrx_word' id='word_1_171' title='bbox 93 1465 286 1498; x_wconf 90' lang='lat' dir='ltr'><strong>cannae</strong></span> <span class='ocrx_word' id='word_1_172' title='bbox 330 1450 542 1514; x_wconf 88' lang='lat' dir='ltr'><strong>sachari,</strong></span> <span class='ocrx_word' id='word_1_173' title='bbox 586 1450 807 1514; x_wconf 88' lang='lat' dir='ltr'><strong>vineam,</strong></span> <span class='ocrx_word' id='word_1_174' title='bbox 855 1466 986 1515; x_wconf 89' lang='lat' dir='ltr'><strong>quae</strong></span> <span class='ocrx_word' id='word_1_175' title='bbox 1028 1462 1242 1500; x_wconf 83' lang='lat' dir='ltr'><strong>vocatur</strong></span> <span class='ocrx_word' id='word_1_176' title='bbox 1281 1451 1343 1499; x_wconf 91' lang='lat' dir='ltr'><strong>de</strong></span> <span class='ocrx_word' id='word_1_177' title='bbox 1384 1452 1728 1516; x_wconf 89' lang='lat' dir='ltr'><strong>barbaquane,</strong></span> <span class='ocrx_word' id='word_1_178' title='bbox 1770 1450 1947 1499; x_wconf 87' lang='lat' dir='ltr'><strong>vineae</strong></span> <span class='ocrx_word' id='word_1_179' title='bbox 1976 1450 2184 1516; x_wconf 90' lang='lat' dir='ltr'><strong>Templi</strong></span> <span class='ocrx_word' id='word_1_180' title='bbox 2225 1463 2272 1498; x_wconf 90' lang='lat' dir='ltr'><strong>et</strong></span> 
     </span>
     <span class='ocr_line' id='line_1_19' title="bbox 94 1523 2271 1591; baseline 0 -19"><span class='ocrx_word' id='word_1_181' title='bbox 94 1523 284 1573; x_wconf 88' lang='lat' dir='ltr'><strong>fossato</strong></span> <span class='ocrx_word' id='word_1_182' title='bbox 303 1524 443 1573; x_wconf 89' lang='lat' dir='ltr'><strong>urbis</strong></span> <span class='ocrx_word' id='word_1_183' title='bbox 461 1524 699 1588; x_wconf 91' lang='lat' dir='ltr'><strong>vicinam,</strong></span> <span class='ocrx_word' id='word_1_184' title='bbox 719 1524 869 1573; x_wconf 91' lang='lat' dir='ltr'><strong>aliam</strong></span> <span class='ocrx_word' id='word_1_185' title='bbox 897 1537 1079 1573; x_wconf 89' lang='lat' dir='ltr'><strong>terram</strong></span> <span class='ocrx_word' id='word_1_186' title='bbox 1102 1541 1277 1574; x_wconf 90' lang='lat' dir='ltr'><strong>versus</strong></span> <span class='ocrx_word' id='word_1_187' title='bbox 1307 1525 1576 1574; x_wconf 90' lang='lat' dir='ltr'><strong>meridiem</strong></span> <span class='ocrx_word' id='word_1_188' title='bbox 1604 1538 1719 1591; x_wconf 92' lang='lat' dir='ltr'><strong>post</strong></span> <span class='ocrx_word' id='word_1_189' title='bbox 1747 1525 1924 1574; x_wconf 89' lang='lat' dir='ltr'><strong>hortos</strong></span> <span class='ocrx_word' id='word_1_190' title='bbox 1954 1526 2014 1574; x_wconf 83' lang='lat' dir='ltr'><strong>de</strong></span> <span class='ocrx_word' id='word_1_191' title='bbox 2042 1525 2089 1573; x_wconf 91' lang='lat' dir='ltr'><strong>la</strong></span> <span class='ocrx_word' id='word_1_192' title='bbox 2117 1524 2271 1573; x_wconf 89' lang='lat' dir='ltr'><strong>Hasie</strong></span> 
     </span>
     <span class='ocr_line' id='line_1_20' title="bbox 93 1598 2273 1665; baseline 0 -18"><span class='ocrx_word' id='word_1_193' title='bbox 93 1598 256 1647; x_wconf 89' lang='lat' dir='ltr'><strong>sitam.</strong></span> <span class='ocrx_word' id='word_1_194' title='bbox 300 1598 563 1648; x_wconf 88' lang='lat' dir='ltr'><strong>Praeterea</strong></span> <span class='ocrx_word' id='word_1_195' title='bbox 582 1599 818 1648; x_wconf 89' lang='lat' dir='ltr'><strong>fratribus</strong></span> <span class='ocrx_word' id='word_1_196' title='bbox 837 1599 1117 1665; x_wconf 85' lang='lat' dir='ltr'><strong>Hospitalis</strong></span> <span class='ocrx_word' id='word_1_197' title='bbox 1147 1599 1397 1664; x_wconf 90' lang='lat' dir='ltr'><strong>concedit,</strong></span> <span class='ocrx_word' id='word_1_198' title='bbox 1424 1613 1480 1649; x_wconf 88' lang='lat' dir='ltr'><strong>ut</strong></span> <span class='ocrx_word' id='word_1_199' title='bbox 1507 1616 1657 1665; x_wconf 87' lang='lat' dir='ltr'><strong>aqua,</strong></span> <span class='ocrx_word' id='word_1_200' title='bbox 1689 1616 1820 1665; x_wconf 90' lang='lat' dir='ltr'><strong>quae</strong></span> <span class='ocrx_word' id='word_1_201' title='bbox 1849 1616 1988 1648; x_wconf 89' lang='lat' dir='ltr'><strong>mare</strong></span> <span class='ocrx_word' id='word_1_202' title='bbox 2016 1599 2273 1648; x_wconf 87' lang='lat' dir='ltr'><strong>influxura</strong></span> 
     </span>
     <span class='ocr_line' id='line_1_21' title="bbox 94 1672 2273 1739; baseline 0 -18"><span class='ocrx_word' id='word_1_203' title='bbox 94 1672 287 1738; x_wconf 89' lang='lat' dir='ltr'><strong>campis</strong></span> <span class='ocrx_word' id='word_1_204' title='bbox 315 1673 509 1722; x_wconf 88' lang='lat' dir='ltr'><strong>sachari</strong></span> <span class='ocrx_word' id='word_1_205' title='bbox 539 1673 739 1722; x_wconf 89' lang='lat' dir='ltr'><strong>domini</strong></span> <span class='ocrx_word' id='word_1_206' title='bbox 770 1674 1029 1737; x_wconf 83' lang='lat' dir='ltr'><strong>egreditur</strong></span> <span class='ocrx_word' id='word_1_207' title='bbox 1068 1673 1199 1722; x_wconf 91' lang='lat' dir='ltr'><strong>inter</strong></span> <span class='ocrx_word' id='word_1_208' title='bbox 1238 1673 1285 1723; x_wconf 91' lang='lat' dir='ltr'><strong>la</strong></span> <span class='ocrx_word' id='word_1_209' title='bbox 1320 1675 1597 1739; x_wconf 87' lang='lat' dir='ltr'><strong>Massoque</strong></span> <span class='ocrx_word' id='word_1_210' title='bbox 1627 1686 1674 1723; x_wconf 90' lang='lat' dir='ltr'><strong>et</strong></span> <span class='ocrx_word' id='word_1_211' title='bbox 1700 1688 1886 1723; x_wconf 89' lang='lat' dir='ltr'><strong>terram</strong></span> <span class='ocrx_word' id='word_1_212' title='bbox 1915 1673 2273 1738; x_wconf 83' lang='lat' dir='ltr'><strong>religiosarum</strong></span> 
     </span>
     <span class='ocr_line' id='line_1_22' title="bbox 93 1746 2273 1814; baseline 0 -18"><span class='ocrx_word' id='word_1_213' title='bbox 93 1746 143 1796; x_wconf 89' lang='lat' dir='ltr'><strong>S.</strong></span> <span class='ocrx_word' id='word_1_214' title='bbox 175 1746 366 1796; x_wconf 90' lang='lat' dir='ltr'><strong>Mariae</strong></span> <span class='ocrx_word' id='word_1_215' title='bbox 407 1748 469 1796; x_wconf 92' lang='lat' dir='ltr'><strong>de</strong></span> <span class='ocrx_word' id='word_1_216' title='bbox 498 1748 642 1814; x_wconf 88' lang='lat' dir='ltr'><strong>Tyro</strong></span> <span class='ocrx_word' id='word_1_217' title='bbox 683 1762 840 1797; x_wconf 87' lang='lat' dir='ltr'><strong>terrae</strong></span> <span class='ocrx_word' id='word_1_218' title='bbox 882 1748 1082 1796; x_wconf 92' lang='lat' dir='ltr'><strong>domini</strong></span> <span class='ocrx_word' id='word_1_219' title='bbox 1121 1747 1304 1812; x_wconf 89' lang='lat' dir='ltr'><strong>vicina,</strong></span> <span class='ocrx_word' id='word_1_220' title='bbox 1347 1765 1478 1814; x_wconf 88' lang='lat' dir='ltr'><strong>quae</strong></span> <span class='ocrx_word' id='word_1_221' title='bbox 1520 1748 1704 1798; x_wconf 90' lang='lat' dir='ltr'><strong>dicitur</strong></span> <span class='ocrx_word' id='word_1_222' title='bbox 1743 1750 1851 1798; x_wconf 92' lang='lat' dir='ltr'><strong>dou</strong></span> <span class='ocrx_word' id='word_1_223' title='bbox 1891 1748 2022 1813; x_wconf 89' lang='lat' dir='ltr'><strong>Fier,</strong></span> <span class='ocrx_word' id='word_1_224' title='bbox 2065 1761 2273 1797; x_wconf 87' lang='lat' dir='ltr'><strong>utantur</strong></span> 
     </span>
     <span class='ocr_line' id='line_1_23' title="bbox 95 1821 2273 1888; baseline 0 -18"><span class='ocrx_word' id='word_1_225' title='bbox 95 1836 266 1886; x_wconf 90' lang='lat' dir='ltr'><strong>neque</strong></span> <span class='ocrx_word' id='word_1_226' title='bbox 294 1833 470 1870; x_wconf 90' lang='lat' dir='ltr'><strong>tamen</strong></span> <span class='ocrx_word' id='word_1_227' title='bbox 510 1823 761 1871; x_wconf 91' lang='lat' dir='ltr'><strong>damnum</strong></span> <span class='ocrx_word' id='word_1_228' title='bbox 804 1821 947 1871; x_wconf 90' lang='lat' dir='ltr'><strong>dictis</strong></span> <span class='ocrx_word' id='word_1_229' title='bbox 989 1822 1181 1888; x_wconf 88' lang='lat' dir='ltr'><strong>campis</strong></span> <span class='ocrx_word' id='word_1_230' title='bbox 1221 1823 1415 1872; x_wconf 88' lang='lat' dir='ltr'><strong>sachari</strong></span> <span class='ocrx_word' id='word_1_231' title='bbox 1452 1835 1501 1872; x_wconf 92' lang='lat' dir='ltr'><strong>et</strong></span> <span class='ocrx_word' id='word_1_232' title='bbox 1528 1823 1679 1873; x_wconf 89' lang='lat' dir='ltr'><strong>horto</strong></span> <span class='ocrx_word' id='word_1_233' title='bbox 1709 1823 1873 1873; x_wconf 87' lang='lat' dir='ltr'><strong>Soran</strong></span> <span class='ocrx_word' id='word_1_234' title='bbox 1902 1822 2195 1887; x_wconf 88' lang='lat' dir='ltr'><strong>inferentes,</strong></span> <span class='ocrx_word' id='word_1_235' title='bbox 2227 1834 2273 1870; x_wconf 92' lang='lat' dir='ltr'><strong>et</strong></span> 
     </span>
     <span class='ocr_line' id='line_1_24' title="bbox 94 1894 2254 1964; baseline 0 -20"><span class='ocrx_word' id='word_1_236' title='bbox 94 1894 256 1944; x_wconf 89' lang='lat' dir='ltr'><strong>canali</strong></span> <span class='ocrx_word' id='word_1_237' title='bbox 284 1896 502 1960; x_wconf 88' lang='lat' dir='ltr'><strong>domini,</strong></span> <span class='ocrx_word' id='word_1_238' title='bbox 533 1897 623 1962; x_wconf 90' lang='lat' dir='ltr'><strong>qui</strong></span> <span class='ocrx_word' id='word_1_239' title='bbox 653 1913 678 1945; x_wconf 94' lang='lat' dir='ltr'><strong>e</strong></span> <span class='ocrx_word' id='word_1_240' title='bbox 709 1897 939 1947; x_wconf 87' lang='lat' dir='ltr'><strong>fontibus</strong></span> <span class='ocrx_word' id='word_1_241' title='bbox 969 1897 1017 1946; x_wconf 94' lang='lat' dir='ltr'><strong>S.</strong></span> <span class='ocrx_word' id='word_1_242' title='bbox 1039 1897 1184 1946; x_wconf 86' lang='lat' dir='ltr'><strong>Pauli</strong></span> <span class='ocrx_word' id='word_1_243' title='bbox 1213 1910 1259 1946; x_wconf 92' lang='lat' dir='ltr'><strong>et</strong></span> <span class='ocrx_word' id='word_1_244' title='bbox 1288 1897 1337 1946; x_wconf 90' lang='lat' dir='ltr'><strong>S.</strong></span> <span class='ocrx_word' id='word_1_245' title='bbox 1358 1898 1491 1947; x_wconf 88' lang='lat' dir='ltr'><strong>Petri</strong></span> <span class='ocrx_word' id='word_1_246' title='bbox 1520 1898 1746 1964; x_wconf 87' lang='lat' dir='ltr'><strong>profluit.</strong></span> <span class='ocrx_word' id='word_1_247' title='bbox 1776 1925 1849 1932; x_wconf 89' lang='lat'>—</span> <span class='ocrx_word' id='word_1_248' title='bbox 1876 1899 2000 1947; x_wconf 89' lang='lat' dir='ltr'><strong>Jean</strong></span> <span class='ocrx_word' id='word_1_249' title='bbox 2030 1936 2254 1947; x_wconf 92' lang='grc'><strong>......</strong></span> 
     </span>
     <span class='ocr_line' id='line_1_25' title="bbox 94 1970 2271 2038; baseline 0 -19"><span class='ocrx_word' id='word_1_250' title='bbox 94 1970 372 2036; x_wconf 89' lang='lat' dir='ltr'><strong>Reymond</strong></span> <span class='ocrx_word' id='word_1_251' title='bbox 402 1971 798 2035; x_wconf 89' lang='lat' dir='ltr'><strong>Descandalion,</strong></span> <span class='ocrx_word' id='word_1_252' title='bbox 828 1971 1026 2020; x_wconf 90' lang='lat' dir='ltr'><strong>Ansiau</strong></span> <span class='ocrx_word' id='word_1_253' title='bbox 1056 1972 1165 2038; x_wconf 91' lang='lat' dir='ltr'><strong>Cay</strong></span> <span class='ocrx_word' id='word_1_254' title='bbox 1185 2011 1363 2021; x_wconf 89' lang='grc'><strong>.....</strong></span> <span class='ocrx_word' id='word_1_255' title='bbox 1373 1972 1647 2036; x_wconf 87' lang='lat' dir='ltr'><strong>,Thomas</strong></span> <span class='ocrx_word' id='word_1_256' title='bbox 1676 1973 1738 2022; x_wconf 85' lang='lat' dir='ltr'><strong>de</strong></span> <span class='ocrx_word' id='word_1_257' title='bbox 1766 1973 1911 2022; x_wconf 88' lang='lat' dir='ltr'><strong>Ratel</strong></span> <span class='ocrx_word' id='word_1_258' title='bbox 1917 1975 2182 2038; x_wconf 92' lang='lat' dir='ltr'><strong>,Amaury</strong></span> <span class='ocrx_word' id='word_1_259' title='bbox 2210 1971 2271 2019; x_wconf 88' lang='lat' dir='ltr'><strong>de</strong></span> 
     </span>
     <span class='ocr_line' id='line_1_26' title="bbox 97 2044 2270 2112; baseline 0 -19"><span class='ocrx_word' id='word_1_260' title='bbox 97 2044 144 2094; x_wconf 90' lang='lat' dir='ltr'><strong>S.</strong></span> <span class='ocrx_word' id='word_1_261' title='bbox 172 2044 362 2109; x_wconf 87' lang='lat' dir='ltr'><strong>Bertin,</strong></span> <span class='ocrx_word' id='word_1_262' title='bbox 392 2045 626 2095; x_wconf 89' lang='lat' dir='ltr'><strong>Thomas</strong></span> <span class='ocrx_word' id='word_1_263' title='bbox 656 2046 717 2095; x_wconf 85' lang='lat' dir='ltr'><strong>de</strong></span> <span class='ocrx_word' id='word_1_264' title='bbox 746 2045 954 2110; x_wconf 82' lang='lat' dir='ltr'><strong>Fignon</strong></span> <span class='ocrx_word' id='word_1_265' title='bbox 982 2046 1153 2095; x_wconf 87' lang='lat' dir='ltr'><strong>vasalli</strong></span> <span class='ocrx_word' id='word_1_266' title='bbox 1193 2045 1350 2108; x_wconf 86' lang='lat' dir='ltr'><strong>(Paoli</strong></span> <span class='ocrx_word' id='word_1_267' title='bbox 1384 2046 1418 2111; x_wconf 88' lang='lat' dir='ltr'><strong>I,</strong></span> <span class='ocrx_word' id='word_1_268' title='bbox 1457 2063 1504 2112; x_wconf 91' lang='lat' dir='ltr'><strong>p.</strong></span> <span class='ocrx_word' id='word_1_269' title='bbox 1546 2048 1730 2097; x_wconf 83' lang='lat'>168——</span> <span class='ocrx_word' id='word_1_270' title='bbox 1754 2064 1867 2111; x_wconf 89' lang='lat'><strong>170,</strong></span> <span class='ocrx_word' id='word_1_271' title='bbox 1898 2048 1998 2097; x_wconf 83' lang='lat' dir='ltr'><strong>No,</strong></span> <span class='ocrx_word' id='word_1_272' title='bbox 2040 2062 2163 2112; x_wconf 81' lang='lat'>1393</span> <span class='ocrx_word' id='word_1_273' title='bbox 2208 2046 2270 2094; x_wconf 91' lang='lat' dir='ltr'><strong>cf.</strong></span> 
     </span>
    </p>
   </div>
   <div class='ocr_carea' id='block_1_4' title="bbox 94 2118 2272 2185">
    <p class='ocr_par' dir='ltr' id='par_1_4' title="bbox 94 2118 2272 2185">
     <span class='ocr_line' id='line_1_27' title="bbox 94 2118 2272 2185; baseline -0.009 0"><span class='ocrx_word' id='word_1_274' title='bbox 94 2135 143 2185; x_wconf 80' lang='lat' dir='ltr'><strong>p·</strong></span> <span class='ocrx_word' id='word_1_275' title='bbox 178 2120 500 2185; x_wconf 63' lang='grc'>529-531).</span> <span class='ocrx_word' id='word_1_276' title='bbox 2124 2118 2272 2167; x_wconf 85' lang='lat'>1286</span> 
     </span>
    </p>
   </div>
   <div class='ocr_carea' id='block_1_5' title="bbox 97 2214 2274 2432">
    <p class='ocr_par' dir='ltr' id='par_1_5' title="bbox 97 2214 2274 2432">
     <span class='ocr_line' id='line_1_28' title="bbox 175 2214 2274 2284; baseline 0 -19"><span class='ocrx_word' id='word_1_277' title='bbox 175 2214 325 2264; x_wconf 90' lang='lat'>1260</span> <span class='ocrx_word' id='word_1_278' title='bbox 352 2218 460 2266; x_wconf 90' lang='lat' dir='ltr'><strong>Jan.</strong></span> <span class='ocrx_word' id='word_1_279' title='bbox 502 2234 578 2281; x_wconf 83' lang='lat'><strong>19.</strong></span> <span class='ocrx_word' id='word_1_280' title='bbox 609 2245 680 2252; x_wconf 89' lang='lat'><strong>——</strong></span> <span class='ocrx_word' id='word_1_281' title='bbox 709 2217 979 2283; x_wconf 85' lang='lat' dir='ltr'><strong>Philippus</strong></span> <span class='ocrx_word' id='word_1_282' title='bbox 1018 2217 1243 2266; x_wconf 91' lang='lat' dir='ltr'><strong>decanus</strong></span> <span class='ocrx_word' id='word_1_283' title='bbox 1284 2231 1330 2266; x_wconf 95' lang='lat' dir='ltr'><strong>et</strong></span> <span class='ocrx_word' id='word_1_284' title='bbox 1370 2218 1653 2284; x_wconf 91' lang='lat' dir='ltr'><strong>capitulum</strong></span> <span class='ocrx_word' id='word_1_285' title='bbox 1689 2218 1928 2268; x_wconf 87' lang='lat' dir='ltr'><strong>ecclesiae</strong></span> <span class='ocrx_word' id='word_1_286' title='bbox 1957 2217 2274 2267; x_wconf 90' lang='lat' dir='ltr'><strong>Acconensis</strong></span> 
     </span>
     <span class='ocr_line' id='line_1_29' title="bbox 97 2291 2274 2358; baseline 0 -18"><span class='ocrx_word' id='word_1_287' title='bbox 97 2291 498 2341; x_wconf 89' lang='lat' dir='ltr'><strong>conventionem</strong></span> <span class='ocrx_word' id='word_1_288' title='bbox 527 2291 871 2358; x_wconf 83' lang='lat' dir='ltr'><strong>supradictam</strong></span> <span class='ocrx_word' id='word_1_289' title='bbox 902 2291 1018 2354; x_wconf 92' lang='lat' dir='ltr'><strong>(No.</strong></span> <span class='ocrx_word' id='word_1_290' title='bbox 1044 2292 1195 2357; x_wconf 83' lang='lat'>1285)</span> <span class='ocrx_word' id='word_1_291' title='bbox 1225 2292 1392 2357; x_wconf 85' lang='lat' dir='ltr'><strong>sigillo</strong></span> <span class='ocrx_word' id='word_1_292' title='bbox 1422 2292 1730 2342; x_wconf 90' lang='lat' dir='ltr'><strong>confirmant</strong></span> <span class='ocrx_word' id='word_1_293' title='bbox 1753 2292 2178 2356; x_wconf 88' lang='lat' dir='ltr'><strong>(Tafel-Thomas</strong></span> <span class='ocrx_word' id='word_1_294' title='bbox 2197 2292 2274 2354; x_wconf 91' lang='lat' dir='ltr'><strong>III,</strong></span> 
     </span>
     <span class='ocr_line' id='line_1_30' title="bbox 98 2363 2272 2432; baseline -0.001 -16"><span class='ocrx_word' id='word_1_295' title='bbox 98 2382 146 2432; x_wconf 91' lang='lat' dir='ltr'><strong>p.</strong></span> <span class='ocrx_word' id='word_1_296' title='bbox 180 2367 264 2432; x_wconf 85' lang='lat'><strong>38,</strong></span> <span class='ocrx_word' id='word_1_297' title='bbox 294 2367 394 2416; x_wconf 95' lang='lat' dir='ltr'><strong>No.</strong></span> <span class='ocrx_word' id='word_1_298' title='bbox 430 2366 568 2432; x_wconf 83' lang='lat'><strong>344).</strong></span> <span class='ocrx_word' id='word_1_299' title='bbox 2126 2363 2272 2414; x_wconf 89' lang='lat'>1287</span> 
     </span>
    </p>
   </div>
   <div class='ocr_carea' id='block_1_6' title="bbox 50 2456 2282 3346">
    <p class='ocr_par' dir='ltr' id='par_1_6' title="bbox 50 2456 2282 3346">
     <span class='ocr_line' id='line_1_31' title="bbox 233 2456 2276 2522; baseline -0 -16"><span class='ocrx_word' id='word_1_300' title='bbox 233 2493 264 2519; x_wconf 92' lang='lat'><strong>‚,</strong></span> <span class='ocrx_word' id='word_1_301' title='bbox 344 2458 488 2506; x_wconf 91' lang='lat' dir='ltr'><strong>Mart.</strong></span> <span class='ocrx_word' id='word_1_302' title='bbox 527 2475 567 2522; x_wconf 93' lang='lat'><strong>1,</strong></span> <span class='ocrx_word' id='word_1_303' title='bbox 610 2457 715 2506; x_wconf 92' lang='lat' dir='ltr'><strong>ind.</strong></span> <span class='ocrx_word' id='word_1_304' title='bbox 747 2457 824 2506; x_wconf 95' lang='grc' dir='ltr'>ΙΙΙ.</span> <span class='ocrx_word' id='word_1_305' title='bbox 869 2460 1063 2506; x_wconf 89' lang='lat' dir='ltr'><strong>Accon.</strong></span> <span class='ocrx_word' id='word_1_306' title='bbox 1105 2484 1178 2491; x_wconf 90' lang='lat'>—</span> <span class='ocrx_word' id='word_1_307' title='bbox 1204 2457 1455 2522; x_wconf 82' lang='lat' dir='ltr'><strong>ThomaS,</strong></span> <span class='ocrx_word' id='word_1_308' title='bbox 1499 2458 1648 2507; x_wconf 90' lang='lat' dir='ltr'><strong>frater</strong></span> <span class='ocrx_word' id='word_1_309' title='bbox 1687 2458 1750 2507; x_wconf 89' lang='lat' dir='ltr'><strong>de</strong></span> <span class='ocrx_word' id='word_1_310' title='bbox 1790 2458 1972 2508; x_wconf 90' lang='lat' dir='ltr'><strong>ordine</strong></span> <span class='ocrx_word' id='word_1_311' title='bbox 2013 2456 2276 2507; x_wconf 84' lang='lat' dir='ltr'><strong>Praedica—</strong></span> 
     </span>
     <span class='ocr_line' id='line_1_32' title="bbox 97 2531 2276 2598; baseline 0 -19"><span class='ocrx_word' id='word_1_312' title='bbox 97 2542 287 2595; x_wconf 91' lang='lat' dir='ltr'><strong>torum,</strong></span> <span class='ocrx_word' id='word_1_313' title='bbox 318 2531 591 2598; x_wconf 90' lang='lat' dir='ltr'><strong>episcopus</strong></span> <span class='ocrx_word' id='word_1_314' title='bbox 618 2531 1093 2581; x_wconf 87' lang='lat' dir='ltr'><strong>Bethlehemitanus</strong></span> <span class='ocrx_word' id='word_1_315' title='bbox 1123 2544 1170 2580; x_wconf 89' lang='lat' dir='ltr'><strong>et</strong></span> <span class='ocrx_word' id='word_1_316' title='bbox 1198 2531 1246 2581; x_wconf 94' lang='lat' dir='ltr'><strong>S.</strong></span> <span class='ocrx_word' id='word_1_317' title='bbox 1269 2535 1331 2580; x_wconf 91' lang='lat' dir='ltr'><strong>A.</strong></span> <span class='ocrx_word' id='word_1_318' title='bbox 1361 2531 1574 2597; x_wconf 85' lang='lat' dir='ltr'><strong>legatus,</strong></span> <span class='ocrx_word' id='word_1_319' title='bbox 1606 2533 1852 2582; x_wconf 90' lang='lat' dir='ltr'><strong>omnibus</strong></span> <span class='ocrx_word' id='word_1_320' title='bbox 1881 2532 2105 2597; x_wconf 84' lang='lat' dir='ltr'><strong>regibus,</strong></span> <span class='ocrx_word' id='word_1_321' title='bbox 2137 2532 2276 2598; x_wconf 92' lang='lat' dir='ltr'><strong>prin-</strong></span> 
     </span>
     <span class='ocr_line' id='line_1_33' title="bbox 99 2604 2277 2674; baseline 0 -21"><span class='ocrx_word' id='word_1_322' title='bbox 99 2604 297 2671; x_wconf 91' lang='lat' dir='ltr'><strong>cipibus</strong></span> <span class='ocrx_word' id='word_1_323' title='bbox 312 2618 403 2655; x_wconf 89' lang='lat' dir='ltr'><strong>etc.</strong></span> <span class='ocrx_word' id='word_1_324' title='bbox 421 2607 577 2656; x_wconf 91' lang='lat' dir='ltr'><strong>totius</strong></span> <span class='ocrx_word' id='word_1_325' title='bbox 592 2606 966 2656; x_wconf 88' lang='lat' dir='ltr'><strong>christianitatis</strong></span> <span class='ocrx_word' id='word_1_326' title='bbox 983 2606 1199 2670; x_wconf 90' lang='lat' dir='ltr'><strong>nuntiat,</strong></span> <span class='ocrx_word' id='word_1_327' title='bbox 1212 2606 1452 2656; x_wconf 89' lang='lat' dir='ltr'><strong>Tartaros</strong></span> <span class='ocrx_word' id='word_1_328' title='bbox 1466 2607 1687 2657; x_wconf 85' lang='lat' dir='ltr'><strong>Baldaco</strong></span> <span class='ocrx_word' id='word_1_329' title='bbox 1703 2620 1992 2674; x_wconf 82' lang='lat' dir='ltr'><strong>expugnata</strong></span> <span class='ocrx_word' id='word_1_330' title='bbox 2007 2607 2277 2673; x_wconf 92' lang='lat' dir='ltr'><strong>Halapiam</strong></span> 
     </span>
     <span class='ocr_line' id='line_1_34' title="bbox 101 2678 2277 2747; baseline 0.001 -20"><span class='ocrx_word' id='word_1_331' title='bbox 101 2678 231 2728; x_wconf 90' lang='lat' dir='ltr'><strong>infra</strong></span> <span class='ocrx_word' id='word_1_332' title='bbox 246 2680 566 2746; x_wconf 86' lang='lat' dir='ltr'><strong>quindenam</strong></span> <span class='ocrx_word' id='word_1_333' title='bbox 582 2681 775 2747; x_wconf 88' lang='lat' dir='ltr'><strong>cepisse</strong></span> <span class='ocrx_word' id='word_1_334' title='bbox 791 2693 839 2730; x_wconf 88' lang='lat' dir='ltr'><strong>et</strong></span> <span class='ocrx_word' id='word_1_335' title='bbox 854 2679 963 2745; x_wconf 90' lang='lat' dir='ltr'><strong>ejus</strong></span> <span class='ocrx_word' id='word_1_336' title='bbox 979 2693 1199 2730; x_wconf 86' lang='lat' dir='ltr'><strong>castrum</strong></span> <span class='ocrx_word' id='word_1_337' title='bbox 1219 2681 1394 2746; x_wconf 86' lang='lat' dir='ltr'><strong>eisque</strong></span> <span class='ocrx_word' id='word_1_338' title='bbox 1413 2682 1657 2731; x_wconf 89' lang='lat' dir='ltr'><strong>soldanos</strong></span> <span class='ocrx_word' id='word_1_339' title='bbox 1676 2682 1738 2731; x_wconf 91' lang='lat' dir='ltr'><strong>de</strong></span> <span class='ocrx_word' id='word_1_340' title='bbox 1758 2681 1990 2747; x_wconf 88' lang='lat' dir='ltr'><strong>Ruispie,</strong></span> <span class='ocrx_word' id='word_1_341' title='bbox 2003 2681 2277 2743; x_wconf 84' lang='lat' dir='ltr'><strong>Camellae,</strong></span> 
     </span>
     <span class='ocr_line' id='line_1_35' title="bbox 100 2753 2278 2822; baseline 0.001 -20"><span class='ocrx_word' id='word_1_342' title='bbox 100 2753 344 2804; x_wconf 90' lang='lat' dir='ltr'><strong>dominos</strong></span> <span class='ocrx_word' id='word_1_343' title='bbox 383 2755 446 2804; x_wconf 93' lang='lat' dir='ltr'><strong>de</strong></span> <span class='ocrx_word' id='word_1_344' title='bbox 486 2756 721 2805; x_wconf 90' lang='lat' dir='ltr'><strong>Hamhac</strong></span> <span class='ocrx_word' id='word_1_345' title='bbox 763 2769 808 2805; x_wconf 89' lang='lat' dir='ltr'><strong>et</strong></span> <span class='ocrx_word' id='word_1_346' title='bbox 849 2760 1023 2804; x_wconf 90' lang='lat' dir='ltr'><strong>Amon</strong></span> <span class='ocrx_word' id='word_1_347' title='bbox 1064 2772 1116 2804; x_wconf 85' lang='lat' dir='ltr'><strong>se</strong></span> <span class='ocrx_word' id='word_1_348' title='bbox 1157 2754 1449 2822; x_wconf 82' lang='lat' dir='ltr'><strong>subjecisse,</strong></span> <span class='ocrx_word' id='word_1_349' title='bbox 1491 2756 1769 2806; x_wconf 91' lang='lat' dir='ltr'><strong>soldanum</strong></span> <span class='ocrx_word' id='word_1_350' title='bbox 1796 2772 1919 2806; x_wconf 87' lang='lat' dir='ltr'><strong>vero</strong></span> <span class='ocrx_word' id='word_1_351' title='bbox 1949 2756 2186 2805; x_wconf 90' lang='lat' dir='ltr'><strong>Damasci</strong></span> <span class='ocrx_word' id='word_1_352' title='bbox 2215 2756 2278 2804; x_wconf 90' lang='lat' dir='ltr'><strong>ad</strong></span> 
     </span>
     <span class='ocr_line' id='line_1_36' title="bbox 100 2828 2280 2897; baseline 0 -19"><span class='ocrx_word' id='word_1_353' title='bbox 100 2828 348 2878; x_wconf 89' lang='lat' dir='ltr'><strong>auxilium</strong></span> <span class='ocrx_word' id='word_1_354' title='bbox 363 2830 771 2897; x_wconf 87' lang='lat' dir='ltr'><strong>Babyloniorum</strong></span> <span class='ocrx_word' id='word_1_355' title='bbox 791 2830 1065 2894; x_wconf 81' lang='lat' dir='ltr'><strong>aufugisse,</strong></span> <span class='ocrx_word' id='word_1_356' title='bbox 1085 2829 1372 2896; x_wconf 87' lang='lat' dir='ltr'><strong>principem</strong></span> <span class='ocrx_word' id='word_1_357' title='bbox 1390 2830 1694 2880; x_wconf 87' lang='lat' dir='ltr'><strong>Antiochiae</strong></span> <span class='ocrx_word' id='word_1_358' title='bbox 1716 2848 1772 2881; x_wconf 91' lang='lat' dir='ltr'><strong>ac</strong></span> <span class='ocrx_word' id='word_1_359' title='bbox 1790 2831 2032 2881; x_wconf 81' lang='lat' dir='ltr'><strong>comitem</strong></span> <span class='ocrx_word' id='word_1_360' title='bbox 2052 2830 2280 2896; x_wconf 87' lang='lat' dir='ltr'><strong>Tripolis</strong></span> 
     </span>
     <span class='ocr_line' id='line_1_37' title="bbox 101 2903 2279 2972; baseline 0.001 -22"><span class='ocrx_word' id='word_1_361' title='bbox 101 2917 285 2952; x_wconf 90' lang='lat' dir='ltr'><strong>eorum</strong></span> <span class='ocrx_word' id='word_1_362' title='bbox 326 2903 536 2954; x_wconf 91' lang='lat' dir='ltr'><strong>ditionis</strong></span> <span class='ocrx_word' id='word_1_363' title='bbox 572 2922 624 2954; x_wconf 89' lang='lat' dir='ltr'><strong>se</strong></span> <span class='ocrx_word' id='word_1_364' title='bbox 654 2904 845 2969; x_wconf 88' lang='lat' dir='ltr'><strong>fecisse,</strong></span> <span class='ocrx_word' id='word_1_365' title='bbox 884 2909 1149 2953; x_wconf 92' lang='lat' dir='ltr'><strong>Acconem</strong></span> <span class='ocrx_word' id='word_1_366' title='bbox 1188 2920 1310 2954; x_wconf 90' lang='lat' dir='ltr'><strong>vero</strong></span> <span class='ocrx_word' id='word_1_367' title='bbox 1351 2917 1399 2954; x_wconf 94' lang='lat' dir='ltr'><strong>et</strong></span> <span class='ocrx_word' id='word_1_368' title='bbox 1437 2906 1638 2972; x_wconf 91' lang='lat' dir='ltr'><strong>Tyrum</strong></span> <span class='ocrx_word' id='word_1_369' title='bbox 1682 2922 1803 2956; x_wconf 92' lang='lat' dir='ltr'><strong>cum</strong></span> <span class='ocrx_word' id='word_1_370' title='bbox 1843 2906 2014 2955; x_wconf 90' lang='lat' dir='ltr'><strong>castris</strong></span> <span class='ocrx_word' id='word_1_371' title='bbox 2053 2905 2279 2971; x_wconf 86' lang='lat' dir='ltr'><strong>Templi,</strong></span> 
     </span>
     <span class='ocr_line' id='line_1_38' title="bbox 101 2977 2279 3046; baseline 0 -19"><span class='ocrx_word' id='word_1_372' title='bbox 101 2977 378 3044; x_wconf 89' lang='lat' dir='ltr'><strong>Hospitalis</strong></span> <span class='ocrx_word' id='word_1_373' title='bbox 407 2996 463 3028; x_wconf 93' lang='lat' dir='ltr'><strong>ac</strong></span> <span class='ocrx_word' id='word_1_374' title='bbox 491 2979 703 3028; x_wconf 90' lang='lat' dir='ltr'><strong>fratrum</strong></span> <span class='ocrx_word' id='word_1_375' title='bbox 730 2979 1186 3028; x_wconf 89' lang='lat' dir='ltr'><strong>Theutonicorum</strong></span> <span class='ocrx_word' id='word_1_376' title='bbox 1216 2980 1386 3029; x_wconf 89' lang='lat' dir='ltr'><strong>adhuc</strong></span> <span class='ocrx_word' id='word_1_377' title='bbox 1415 2980 1662 3046; x_wconf 89' lang='lat' dir='ltr'><strong>resistere,</strong></span> <span class='ocrx_word' id='word_1_378' title='bbox 1704 2982 1793 3031; x_wconf 88' lang='lat' dir='ltr'><strong>sed</strong></span> <span class='ocrx_word' id='word_1_379' title='bbox 1835 2982 1888 3030; x_wconf 95' lang='lat' dir='ltr'><strong>in</strong></span> <span class='ocrx_word' id='word_1_380' title='bbox 1928 2997 2138 3030; x_wconf 90' lang='lat' dir='ltr'><strong>summo</strong></span> <span class='ocrx_word' id='word_1_381' title='bbox 2179 2979 2279 3028; x_wconf 84' lang='lat' dir='ltr'><strong>dis—</strong></span> 
     </span>
     <span class='ocr_line' id='line_1_39' title="bbox 102 3051 2280 3122; baseline 0.001 -22"><span class='ocrx_word' id='word_1_382' title='bbox 102 3051 317 3102; x_wconf 87' lang='lat' dir='ltr'><strong>crimine</strong></span> <span class='ocrx_word' id='word_1_383' title='bbox 345 3054 547 3118; x_wconf 91' lang='lat' dir='ltr'><strong>versari,</strong></span> <span class='ocrx_word' id='word_1_384' title='bbox 590 3054 687 3103; x_wconf 90' lang='lat' dir='ltr'><strong>nisi</strong></span> <span class='ocrx_word' id='word_1_385' title='bbox 717 3053 945 3103; x_wconf 88' lang='lat' dir='ltr'><strong>celeriter</strong></span> <span class='ocrx_word' id='word_1_386' title='bbox 984 3068 1324 3118; x_wconf 87' lang='lat' dir='ltr'><strong>succurratur,</strong></span> <span class='ocrx_word' id='word_1_387' title='bbox 1365 3055 1659 3121; x_wconf 89' lang='lat' dir='ltr'><strong>praesertim</strong></span> <span class='ocrx_word' id='word_1_388' title='bbox 1689 3072 1855 3121; x_wconf 92' lang='lat' dir='ltr'><strong>quum</strong></span> <span class='ocrx_word' id='word_1_389' title='bbox 1886 3056 2124 3122; x_wconf 86' lang='lat' dir='ltr'><strong>princeps</strong></span> <span class='ocrx_word' id='word_1_390' title='bbox 2152 3055 2280 3103; x_wconf 87' lang='lat' dir='ltr'><strong>Tar—</strong></span> 
     </span>
     <span class='ocr_line' id='line_1_40' title="bbox 101 3127 2279 3194; baseline 0.001 -20"><span class='ocrx_word' id='word_1_391' title='bbox 101 3138 330 3176; x_wconf 90' lang='lat' dir='ltr'><strong>tarorum</strong></span> <span class='ocrx_word' id='word_1_392' title='bbox 358 3127 571 3194; x_wconf 89' lang='lat' dir='ltr'><strong>epistola</strong></span> <span class='ocrx_word' id='word_1_393' title='bbox 598 3128 874 3178; x_wconf 88' lang='lat' dir='ltr'><strong>blasfemiis</strong></span> <span class='ocrx_word' id='word_1_394' title='bbox 896 3128 1045 3194; x_wconf 90' lang='lat' dir='ltr'><strong>plena</strong></span> <span class='ocrx_word' id='word_1_395' title='bbox 1065 3127 1349 3177; x_wconf 88' lang='lat' dir='ltr'><strong>christianis</strong></span> <span class='ocrx_word' id='word_1_396' title='bbox 1370 3129 1631 3179; x_wconf 88' lang='lat' dir='ltr'><strong>interitum</strong></span> <span class='ocrx_word' id='word_1_397' title='bbox 1652 3131 1877 3180; x_wconf 90' lang='lat' dir='ltr'><strong>minatus</strong></span> <span class='ocrx_word' id='word_1_398' title='bbox 1899 3130 2046 3179; x_wconf 83' lang='lat' dir='ltr'><strong>fuerit</strong></span> <span class='ocrx_word' id='word_1_399' title='bbox 2065 3129 2279 3192; x_wconf 87' lang='lat' dir='ltr'><strong>(Chron.</strong></span> 
     </span>
     <span class='ocr_line' id='line_1_41' title="bbox 104 3199 2282 3270; baseline 0 -21"><span class='ocrx_word' id='word_1_400' title='bbox 104 3199 377 3251; x_wconf 90' lang='lat' dir='ltr'><strong>Menconis</strong></span> <span class='ocrx_word' id='word_1_401' title='bbox 405 3202 458 3251; x_wconf 91' lang='lat' dir='ltr'><strong>in</strong></span> <span class='ocrx_word' id='word_1_402' title='bbox 489 3204 634 3253; x_wconf 91' lang='lat' dir='ltr'><strong>Mon.</strong></span> <span class='ocrx_word' id='word_1_403' title='bbox 666 3203 840 3253; x_wconf 86' lang='lat' dir='ltr'><strong>Germ.</strong></span> <span class='ocrx_word' id='word_1_404' title='bbox 874 3203 960 3252; x_wconf 89' lang='lat' dir='ltr'><strong>SS.</strong></span> <span class='ocrx_word' id='word_1_405' title='bbox 991 3203 1168 3266; x_wconf 87' lang='lat' dir='ltr'><strong>XXIII,</strong></span> <span class='ocrx_word' id='word_1_406' title='bbox 1199 3220 1247 3269; x_wconf 92' lang='lat' dir='ltr'><strong>p.</strong></span> <span class='ocrx_word' id='word_1_407' title='bbox 1284 3220 1600 3270; x_wconf 78' lang='lat'><strong>547—5493</strong></span> <span class='ocrx_word' id='word_1_408' title='bbox 1645 3205 1706 3255; x_wconf 88' lang='lat' dir='ltr'><strong>cf.</strong></span> <span class='ocrx_word' id='word_1_409' title='bbox 1738 3205 2005 3269; x_wconf 76' lang='lat' dir='ltr'><strong>Rohricht,</strong></span> <span class='ocrx_word' id='word_1_410' title='bbox 2038 3204 2282 3253; x_wconf 82' lang='lat' dir='ltr'><strong>Archives</strong></span> 
     </span>
     <span class='ocr_line' id='line_1_42' title="bbox 50 3274 2282 3346; baseline 0.003 -23"><span class='ocrx_word' id='word_1_411' title='bbox 50 3299 53 3302; x_wconf 93' lang='lat'>·</span> <span class='ocrx_word' id='word_1_412' title='bbox 104 3274 165 3324; x_wconf 93' lang='lat' dir='ltr'><strong>de</strong></span> <span class='ocrx_word' id='word_1_413' title='bbox 195 3275 414 3325; x_wconf 89' lang='lat' dir='ltr'><strong>l&#39;Orient</strong></span> <span class='ocrx_word' id='word_1_414' title='bbox 440 3277 562 3326; x_wconf 90' lang='lat' dir='ltr'><strong>latin</strong></span> <span class='ocrx_word' id='word_1_415' title='bbox 592 3278 626 3342; x_wconf 94' lang='lat' dir='ltr'><strong>I,</strong></span> <span class='ocrx_word' id='word_1_416' title='bbox 658 3295 705 3344; x_wconf 87' lang='lat' dir='ltr'><strong>p.</strong></span> <span class='ocrx_word' id='word_1_417' title='bbox 739 3279 872 3343; x_wconf 79' lang='lat'><strong>6353</strong></span> <span class='ocrx_word' id='word_1_418' title='bbox 916 3277 1048 3326; x_wconf 91' lang='lat' dir='ltr'><strong>Hist.</strong></span> <span class='ocrx_word' id='word_1_419' title='bbox 1079 3278 1170 3327; x_wconf 89' lang='lat' dir='ltr'><strong>litt.</strong></span> <span class='ocrx_word' id='word_1_420' title='bbox 1203 3278 1265 3327; x_wconf 89' lang='lat' dir='ltr'><strong>de</strong></span> <span class='ocrx_word' id='word_1_421' title='bbox 1293 3279 1339 3327; x_wconf 90' lang='lat' dir='ltr'><strong>la</strong></span> <span class='ocrx_word' id='word_1_422' title='bbox 1368 3279 1562 3328; x_wconf 88' lang='lat' dir='ltr'><strong>France</strong></span> <span class='ocrx_word' id='word_1_423' title='bbox 1591 3280 1723 3344; x_wconf 86' lang='lat' dir='ltr'><strong>XXI,</strong></span> <span class='ocrx_word' id='word_1_424' title='bbox 1754 3280 1971 3346; x_wconf 84' lang='lat' dir='ltr'><strong>p-727)·</strong></span> <span class='ocrx_word' id='word_1_425' title='bbox 2134 3276 2282 3324; x_wconf 85' lang='lat'>1288</span> 
     </span>
    </p>
   </div>
   <div class='ocr_carea' id='block_1_7' title="bbox 107 3371 2285 3664">
    <p class='ocr_par' dir='ltr' id='par_1_7' title="bbox 107 3371 2285 3664">
     <span class='ocr_line' id='line_1_43' title="bbox 166 3371 2282 3441; baseline 0 -20"><span class='ocrx_word' id='word_1_426' title='bbox 166 3371 184 3434; x_wconf 85' lang='lat'>&lt;</span> <span class='ocrx_word' id='word_1_427' title='bbox 250 3409 279 3434; x_wconf 89' lang='lat'><strong>‚,</strong></span> <span class='ocrx_word' id='word_1_428' title='bbox 358 3373 504 3422; x_wconf 89' lang='lat' dir='ltr'><strong>Mart.</strong></span> <span class='ocrx_word' id='word_1_429' title='bbox 546 3391 586 3437; x_wconf 87' lang='lat'><strong>1,</strong></span> <span class='ocrx_word' id='word_1_430' title='bbox 630 3373 735 3423; x_wconf 90' lang='lat' dir='ltr'><strong>ind.</strong></span> <span class='ocrx_word' id='word_1_431' title='bbox 768 3375 845 3424; x_wconf 93' lang='grc' dir='ltr'>ΙΙΙ.</span> <span class='ocrx_word' id='word_1_432' title='bbox 889 3374 1106 3436; x_wconf 83' lang='lat' dir='ltr'><strong>Accon).</strong></span> <span class='ocrx_word' id='word_1_433' title='bbox 1137 3375 1376 3423; x_wconf 90' lang='lat' dir='ltr'><strong>-Idem</strong></span> <span class='ocrx_word' id='word_1_434' title='bbox 1417 3376 1737 3441; x_wconf 88' lang='lat' dir='ltr'><strong>praepositos</strong></span> <span class='ocrx_word' id='word_1_435' title='bbox 1766 3388 1812 3424; x_wconf 91' lang='lat' dir='ltr'><strong>et</strong></span> <span class='ocrx_word' id='word_1_436' title='bbox 1841 3389 2060 3425; x_wconf 85' lang='lat' dir='ltr'><strong>rectores</strong></span> <span class='ocrx_word' id='word_1_437' title='bbox 2097 3374 2282 3423; x_wconf 83' lang='lat' dir='ltr'><strong>Frisiac</strong></span> 
     </span>
     <span class='ocr_line' id='line_1_44' title="bbox 107 3447 2284 3516; baseline 0.001 -23"><span class='ocrx_word' id='word_1_438' title='bbox 107 3457 301 3509; x_wconf 86' lang='lat' dir='ltr'><strong>monet,</strong></span> <span class='ocrx_word' id='word_1_439' title='bbox 332 3459 386 3495; x_wconf 92' lang='lat' dir='ltr'><strong>ut</strong></span> <span class='ocrx_word' id='word_1_440' title='bbox 417 3447 656 3497; x_wconf 87' lang='lat' dir='ltr'><strong>mulieres</strong></span> <span class='ocrx_word' id='word_1_441' title='bbox 684 3466 801 3498; x_wconf 90' lang='lat' dir='ltr'><strong>suas</strong></span> <span class='ocrx_word' id='word_1_442' title='bbox 840 3449 968 3498; x_wconf 91' lang='lat' dir='ltr'><strong>ultra</strong></span> <span class='ocrx_word' id='word_1_443' title='bbox 1010 3465 1147 3497; x_wconf 88' lang='lat' dir='ltr'><strong>mare</strong></span> <span class='ocrx_word' id='word_1_444' title='bbox 1188 3450 1596 3514; x_wconf 80' lang='lat' dir='ltr'><strong>peregrinaturas</strong></span> <span class='ocrx_word' id='word_1_445' title='bbox 1638 3463 1844 3516; x_wconf 87' lang='lat' dir='ltr'><strong>propter</strong></span> <span class='ocrx_word' id='word_1_446' title='bbox 1885 3450 2018 3498; x_wconf 86' lang='lat' dir='ltr'><strong>varia</strong></span> <span class='ocrx_word' id='word_1_447' title='bbox 2060 3449 2284 3515; x_wconf 81' lang='lat' dir='ltr'><strong>pericula</strong></span> 
     </span>
     <span class='ocr_line' id='line_1_45' title="bbox 107 3518 2282 3591; baseline 0.001 -24"><span class='ocrx_word' id='word_1_448' title='bbox 107 3518 356 3569; x_wconf 87' lang='lat' dir='ltr'><strong>retineant</strong></span> <span class='ocrx_word' id='word_1_449' title='bbox 384 3520 598 3582; x_wconf 91' lang='lat' dir='ltr'><strong>(Chron.</strong></span> <span class='ocrx_word' id='word_1_450' title='bbox 630 3523 902 3573; x_wconf 89' lang='lat' dir='ltr'><strong>Menconis</strong></span> <span class='ocrx_word' id='word_1_451' title='bbox 934 3523 985 3571; x_wconf 89' lang='lat' dir='ltr'><strong>in</strong></span> <span class='ocrx_word' id='word_1_452' title='bbox 1016 3525 1161 3572; x_wconf 87' lang='lat' dir='ltr'><strong>Mon.</strong></span> <span class='ocrx_word' id='word_1_453' title='bbox 1184 3523 1358 3573; x_wconf 89' lang='lat' dir='ltr'><strong>Germ.</strong></span> <span class='ocrx_word' id='word_1_454' title='bbox 1381 3524 1468 3573; x_wconf 91' lang='lat' dir='ltr'><strong>SS.</strong></span> <span class='ocrx_word' id='word_1_455' title='bbox 1489 3524 1665 3587; x_wconf 90' lang='lat' dir='ltr'><strong>XXIII,</strong></span> <span class='ocrx_word' id='word_1_456' title='bbox 1698 3542 1745 3591; x_wconf 82' lang='lat' dir='ltr'><strong>p.</strong></span> <span class='ocrx_word' id='word_1_457' title='bbox 1773 3541 1901 3589; x_wconf 74' lang='lat'><strong>5493</strong></span> <span class='ocrx_word' id='word_1_458' title='bbox 1941 3525 2002 3573; x_wconf 85' lang='lat' dir='ltr'><strong>cf.</strong></span> <span class='ocrx_word' id='word_1_459' title='bbox 2038 3523 2282 3572; x_wconf 73' lang='lat' dir='ltr'><strong>Robricht</strong></span> 
     </span>
     <span class='ocr_line' id='line_1_46' title="bbox 108 3592 2285 3664; baseline 0.003 -23"><span class='ocrx_word' id='word_1_460' title='bbox 108 3592 161 3642; x_wconf 94' lang='lat' dir='ltr'><strong>in</strong></span> <span class='ocrx_word' id='word_1_461' title='bbox 189 3610 235 3642; x_wconf 93' lang='lat' dir='ltr'><strong>v.</strong></span> <span class='ocrx_word' id='word_1_462' title='bbox 266 3594 507 3660; x_wconf 87' lang='lat' dir='ltr'><strong>Raumer,</strong></span> <span class='ocrx_word' id='word_1_463' title='bbox 538 3596 668 3647; x_wconf 90' lang='lat' dir='ltr'><strong>Hist.</strong></span> <span class='ocrx_word' id='word_1_464' title='bbox 698 3598 989 3646; x_wconf 86' lang='lat' dir='ltr'><strong>Taschenb.</strong></span> <span class='ocrx_word' id='word_1_465' title='bbox 1024 3600 1174 3663; x_wconf 84' lang='lat'><strong>1875,</strong></span> <span class='ocrx_word' id='word_1_466' title='bbox 1206 3614 1253 3663; x_wconf 89' lang='lat' dir='ltr'><strong>p.</strong></span> <span class='ocrx_word' id='word_1_467' title='bbox 1290 3600 1409 3663; x_wconf 82' lang='lat'><strong>328,</strong></span> <span class='ocrx_word' id='word_1_468' title='bbox 1445 3601 1752 3664; x_wconf 70' lang='lat'><strong>380—381,</strong></span> <span class='ocrx_word' id='word_1_469' title='bbox 1783 3600 1902 3648; x_wconf 93' lang='lat' dir='ltr'><strong>Not.</strong></span> <span class='ocrx_word' id='word_1_470' title='bbox 1945 3616 1998 3663; x_wconf 66' lang='lat'><strong>¹3</strong></span> <span class='ocrx_word' id='word_1_471' title='bbox 2020 3600 2075 3660; x_wconf 87' lang='grc' dir='ltr'>ι).</span> <span class='ocrx_word' id='word_1_472' title='bbox 2139 3595 2285 3644; x_wconf 87' lang='grc'><strong>1289</strong></span> 
     </span>
    </p>
   </div>
   <div class='ocr_carea' id='block_1_8' title="bbox 107 3688 2285 3835">
    <p class='ocr_par' dir='ltr' id='par_1_8' title="bbox 107 3688 2285 3835">
     <span class='ocr_line' id='line_1_47' title="bbox 170 3688 2285 3760; baseline 0.001 -22"><span class='ocrx_word' id='word_1_473' title='bbox 170 3688 187 3753; x_wconf 86' lang='grc'>(</span> <span class='ocrx_word' id='word_1_474' title='bbox 252 3726 284 3752; x_wconf 86' lang='grc'><strong>,,</strong></span> <span class='ocrx_word' id='word_1_475' title='bbox 363 3691 509 3740; x_wconf 90' lang='lat' dir='ltr'><strong>Mart.</strong></span> <span class='ocrx_word' id='word_1_476' title='bbox 541 3693 617 3741; x_wconf 82' lang='lat'><strong>16.</strong></span> <span class='ocrx_word' id='word_1_477' title='bbox 661 3692 876 3756; x_wconf 87' lang='lat' dir='ltr'><strong>Accon).</strong></span> <span class='ocrx_word' id='word_1_478' title='bbox 907 3721 979 3727; x_wconf 70' lang='lat'><strong>——</strong></span> <span class='ocrx_word' id='word_1_479' title='bbox 1007 3692 1264 3759; x_wconf 85' lang='lat' dir='ltr'><strong>Epistolae</strong></span> <span class='ocrx_word' id='word_1_480' title='bbox 1295 3694 1520 3759; x_wconf 80' lang='lat' dir='ltr'><strong>magistri</strong></span> <span class='ocrx_word' id='word_1_481' title='bbox 1550 3695 1756 3760; x_wconf 81' lang='lat' dir='ltr'><strong>Templi</strong></span> <span class='ocrx_word' id='word_1_482' title='bbox 1787 3694 2041 3756; x_wconf 78' lang='lat' dir='ltr'><strong>(Thomac</strong></span> <span class='ocrx_word' id='word_1_483' title='bbox 2064 3693 2285 3755; x_wconf 74' lang='lat' dir='ltr'><strong>Bcrardi)</strong></span> 
     </span>
     <span class='ocr_line' id='line_1_48' title="bbox 107 3763 2285 3835; baseline 0.002 -23"><span class='ocrx_word' id='word_1_484' title='bbox 107 3763 337 3812; x_wconf 89' lang='lat' dir='ltr'><strong>Henrico</strong></span> <span class='ocrx_word' id='word_1_485' title='bbox 357 3764 434 3828; x_wconf 94' lang='lat' dir='ltr'><strong>III,</strong></span> <span class='ocrx_word' id='word_1_486' title='bbox 455 3766 559 3829; x_wconf 85' lang='lat' dir='ltr'><strong>regi</strong></span> <span class='ocrx_word' id='word_1_487' title='bbox 579 3766 812 3831; x_wconf 83' lang='lat' dir='ltr'><strong>Angliae,</strong></span> <span class='ocrx_word' id='word_1_488' title='bbox 844 3780 890 3816; x_wconf 89' lang='lat' dir='ltr'><strong>et</strong></span> <span class='ocrx_word' id='word_1_489' title='bbox 920 3784 1111 3831; x_wconf 74' lang='lat' dir='ltr'><strong>magno</strong></span> <span class='ocrx_word' id='word_1_490' title='bbox 1141 3770 1683 3835; x_wconf 63' lang='lat' dir='ltr'><strong>p1t·1eceptoti&#39;le1npli</strong></span> <span class='ocrx_word' id='word_1_491' title='bbox 1716 3769 1767 3817; x_wconf 87' lang='lat' dir='ltr'><strong>in</strong></span> <span class='ocrx_word' id='word_1_492' title='bbox 1796 3769 1982 3832; x_wconf 69' lang='lat' dir='ltr'><strong>Anglia</strong></span> <span class='ocrx_word' id='word_1_493' title='bbox 2012 3768 2180 3833; x_wconf 65' lang='lat' dir='ltr'><strong>scraipt</strong></span> <span class='ocrx_word' id='word_1_494' title='bbox 2169 3785 2240 3831; x_wconf 73' lang='lat' dir='ltr'><strong>tc,</strong></span> <span class='ocrx_word' id='word_1_495' title='bbox 2258 3769 2285 3830; x_wconf 90' lang='lat'><strong>¹)</strong></span> 
     </span>
    </p>
   </div>
   <div class='ocr_carea' id='block_1_9' title="bbox 109 3878 2287 3999">
    <p class='ocr_par' dir='ltr' id='par_1_9' title="bbox 109 3878 2287 3999">
     <span class='ocr_line' id='line_1_49' title="bbox 235 3878 2287 3940; baseline -0 -18"><span class='ocrx_word' id='word_1_496' title='bbox 235 3880 266 3933; x_wconf 93' lang='lat'><strong>¹)</strong></span> <span class='ocrx_word' id='word_1_497' title='bbox 304 3878 631 3936; x_wconf 79' lang='lat' dir='ltr'><strong>«Templtrius</strong></span> <span class='ocrx_word' id='word_1_498' title='bbox 656 3879 849 3937; x_wconf 85' lang='lat' dir='ltr'><strong>quidam</strong></span> <span class='ocrx_word' id='word_1_499' title='bbox 877 3891 989 3925; x_wconf 85' lang='lat' dir='ltr'><strong>tunc</strong></span> <span class='ocrx_word' id='word_1_500' title='bbox 1014 3881 1243 3939; x_wconf 74' lang='lat' dir='ltr'><strong>temporis</strong></span> <span class='ocrx_word' id='word_1_501' title='bbox 1269 3883 1327 3926; x_wconf 77' lang='lat' dir='ltr'><strong>dc</strong></span> <span class='ocrx_word' id='word_1_502' title='bbox 1346 3884 1467 3926; x_wconf 58' lang='grc' dir='ltr'><strong>ΗΠΙιὶιι</strong></span> <span class='ocrx_word' id='word_1_503' title='bbox 1471 3897 1493 3926; x_wconf 87' lang='grc' dir='ltr'><strong>ιι</strong></span> <span class='ocrx_word' id='word_1_504' title='bbox 1519 3883 1694 3927; x_wconf 81' lang='lat' dir='ltr'><strong>Sancta</strong></span> <span class='ocrx_word' id='word_1_505' title='bbox 1722 3896 1897 3940; x_wconf 77' lang='lat' dir='ltr'><strong>proper</strong></span> <span class='ocrx_word' id='word_1_506' title='bbox 1901 3892 2033 3925; x_wconf 72' lang='lat' dir='ltr'><strong>antei</strong></span> <span class='ocrx_word' id='word_1_507' title='bbox 2057 3882 2287 3925; x_wconf 64' lang='lat' dir='ltr'><strong>acetdcns</strong></span> 
     </span>
     <span class='ocr_line' id='line_1_50' title="bbox 109 3935 2286 3999; baseline 0.001 -19"><span class='ocrx_word' id='word_1_508' title='bbox 109 3936 157 3980; x_wconf 89' lang='lat' dir='ltr'><strong>in</strong></span> <span class='ocrx_word' id='word_1_509' title='bbox 194 3935 345 3994; x_wconf 84' lang='lat' dir='ltr'><strong>vigilia</strong></span> <span class='ocrx_word' id='word_1_510' title='bbox 386 3937 433 3985; x_wconf 88' lang='lat' dir='ltr'>S</span> <span class='ocrx_word' id='word_1_511' title='bbox 458 3939 685 3997; x_wconf 79' lang='lat' dir='ltr'><strong>Botulphi</strong></span> <span class='ocrx_word' id='word_1_512' title='bbox 724 3942 800 3995; x_wconf 68' lang='lat'><strong>(16</strong></span> <span class='ocrx_word' id='word_1_513' title='bbox 836 3942 962 3995; x_wconf 79' lang='grc' dir='ltr'>Ι.ιιιι)</span> <span class='ocrx_word' id='word_1_514' title='bbox 998 3941 1271 3985; x_wconf 79' lang='lat' dir='ltr'><strong>Londinttm</strong></span> <span class='ocrx_word' id='word_1_515' title='bbox 1309 3942 1499 3986; x_wconf 71' lang='lat' dir='ltr'><strong>adxcnit</strong></span> <span class='ocrx_word' id='word_1_516' title='bbox 1537 3942 1755 3986; x_wconf 65' lang='lat' dir='ltr'><strong>deterens</strong></span> <span class='ocrx_word' id='word_1_517' title='bbox 1792 3942 2098 3999; x_wconf 71' lang='lat' dir='ltr'><strong>quamplures</strong></span> <span class='ocrx_word' id='word_1_518' title='bbox 2135 3941 2286 3984; x_wconf 72' lang='lat' dir='ltr'><strong>literas</strong></span> 
     </span>
    </p>
   </div>
   <div class='ocr_carea' id='block_1_10' title="bbox 202 4025 686 4074">
    <p class='ocr_par' dir='ltr' id='par_1_10' title="bbox 202 4025 686 4074">
     <span class='ocr_line' id='line_1_51' title="bbox 202 4025 686 4074; baseline 0.008 -15"><span class='ocrx_word' id='word_1_519' title='bbox 202 4025 476 4070; x_wconf 69' lang='lat' dir='ltr'><strong>lxohricht,</strong></span> <span class='ocrx_word' id='word_1_520' title='bbox 513 4027 686 4074; x_wconf 56' lang='lat' dir='ltr'><strong>Regesuu</strong></span> 
     </span>
    </p>
   </div>
   <div class='ocr_carea' id='block_1_11' title="bbox 1937 4066 1988 4075">
    <p class='ocr_par' dir='ltr' id='par_1_11' title="bbox 1937 4066 1988 4075">
     <span class='ocr_line' id='line_1_52' title="bbox 1937 4066 1988 4075; baseline -0.02 0"><span class='ocrx_word' id='word_1_521' title='bbox 1937 4066 1988 4075; x_wconf 72' lang='lat'><strong>0--</strong></span> 
     </span>
    </p>
   </div>
  </div>
 </body>
</html>
